<?xml version="1.0" encoding="UTF-8"?>
<!DOCTYPE html PUBLIC "-//W3C//DTD XHTML 1.0 Transitional//EN"
    "http://www.w3.org/TR/xhtml1/DTD/xhtml1-transitional.dtd">
<html xmlns="http://www.w3.org/1999/xhtml" xml:lang="en" lang="en">
 <head>
  <title>
</title>
<meta http-equiv="Content-Type" content="text/html;charset=utf-8" />
  <meta name='ocr-system' content='tesseract 3.04.00' />
  <meta name='ocr-capabilities' content='ocr_page ocr_carea ocr_par ocr_line ocrx_word'/>
</head>
<body>
  <div class='ocr_page' id='page_1' title='image "./develleianatibe00goekgoog_0022.png"; bbox 0 0 3150 4764; ppageno 0'>
   <div class='ocr_carea' id='block_1_1' title="bbox 668 223 964 291">
    <p class='ocr_par' dir='ltr' id='par_1_1' title="bbox 668 223 964 291">
     <span class='ocr_line' id='line_1_1' title="bbox 668 223 964 291; baseline -0.007 -15"><span class='ocrx_word' id='word_1_1' title='bbox 668 223 964 291; x_wconf 70' lang='grc'>...17-</span> 
     </span>
    </p>
   </div>
   <div class='ocr_carea' id='block_1_2' title="bbox 201 396 1431 4408">
    <p class='ocr_par' dir='ltr' id='par_1_2' title="bbox 201 396 1431 4408">
     <span class='ocr_line' id='line_1_2' title="bbox 207 396 1428 496; baseline -0.005 -28"><span class='ocrx_word' id='word_1_2' title='bbox 207 401 317 496; x_wconf 85' lang='lat' dir='ltr'><strong>clades</strong></span> <span class='ocrx_word' id='word_1_3' title='bbox 342 401 503 482; x_wconf 87' lang='lat' dir='ltr'><strong>Variana,</strong></span> <span class='ocrx_word' id='word_1_4' title='bbox 533 418 598 488; x_wconf 90' lang='lat' dir='ltr'><strong>qna</strong></span> <span class='ocrx_word' id='word_1_5' title='bbox 626 419 678 464; x_wconf 88' lang='lat' dir='ltr'><strong>res</strong></span> <span class='ocrx_word' id='word_1_6' title='bbox 709 397 875 464; x_wconf 83' lang='lat' dir='ltr'>Romanae</span> <span class='ocrx_word' id='word_1_7' title='bbox 898 399 1040 464; x_wconf 79' lang='lat' dir='ltr'><strong>maxime</strong></span> <span class='ocrx_word' id='word_1_8' title='bbox 1064 405 1141 464; x_wconf 91' lang='lat' dir='ltr'><strong>sunt</strong></span> <span class='ocrx_word' id='word_1_9' title='bbox 1163 397 1315 466; x_wconf 82' lang='lat' dir='ltr'><strong>afflictae.</strong></span> <span class='ocrx_word' id='word_1_10' title='bbox 1360 396 1428 471; x_wconf 89' lang='lat' dir='ltr'><strong>lta-</strong></span> 
     </span>
     <span class='ocr_line' id='line_1_3' title="bbox 204 497 1429 606; baseline -0.005 -20"><span class='ocrx_word' id='word_1_11' title='bbox 204 497 265 606; x_wconf 90' lang='lat' dir='ltr'><strong>que</strong></span> <span class='ocrx_word' id='word_1_12' title='bbox 288 521 406 587; x_wconf 85' lang='lat' dir='ltr'><strong>statim</strong></span> <span class='ocrx_word' id='word_1_13' title='bbox 431 521 464 585; x_wconf 92' lang='lat' dir='ltr'><strong>in</strong></span> <span class='ocrx_word' id='word_1_14' title='bbox 497 519 706 588; x_wconf 79' lang='lat' dir='ltr'><strong>Germaniam</strong></span> <span class='ocrx_word' id='word_1_15' title='bbox 737 517 858 584; x_wconf 88' lang='lat' dir='ltr'><strong>missus</strong></span> <span class='ocrx_word' id='word_1_16' title='bbox 882 522 933 583; x_wconf 86' lang='lat' dir='ltr'><strong>est</strong></span> <span class='ocrx_word' id='word_1_17' title='bbox 954 517 1124 599; x_wconf 86' lang='lat' dir='ltr'><strong>Tiberius,</strong></span> <span class='ocrx_word' id='word_1_18' title='bbox 1154 537 1198 583; x_wconf 88' lang='lat' dir='ltr'><strong>na</strong></span> <span class='ocrx_word' id='word_1_19' title='bbox 1218 516 1341 582; x_wconf 82' lang='lat' dir='ltr'><strong>finitus·</strong></span> <span class='ocrx_word' id='word_1_20' title='bbox 1358 517 1429 592; x_wconf 85' lang='lat' dir='ltr'><strong>¹sino</strong></span> 
     </span>
     <span class='ocr_line' id='line_1_4' title="bbox 204 635 1431 736; baseline -0.003 -31"><span class='ocrx_word' id='word_1_21' title='bbox 204 639 523 736; x_wconf 75' lang='lat' dir='ltr'><strong>praesidiisreliotis</strong></span> <span class='ocrx_word' id='word_1_22' title='bbox 536 639 645 706; x_wconf 90' lang='lat' dir='ltr'><strong>bostes</strong></span> <span class='ocrx_word' id='word_1_23' title='bbox 668 639 704 703; x_wconf 93' lang='lat' dir='ltr'><strong>in</strong></span> <span class='ocrx_word' id='word_1_24' title='bbox 725 636 864 702; x_wconf 77' lang='lat' dir='ltr'><strong>Galliam</strong></span> <span class='ocrx_word' id='word_1_25' title='bbox 887 636 1092 703; x_wconf 80' lang='lat' dir='ltr'><strong>invaderent.</strong></span> <span class='ocrx_word' id='word_1_26' title='bbox 1136 635 1171 700; x_wconf 92' lang='lat' dir='ltr'><strong>ln</strong></span> <span class='ocrx_word' id='word_1_27' title='bbox 1184 635 1287 702; x_wconf 86' lang='lat' dir='ltr'><strong>rebus·</strong></span> <span class='ocrx_word' id='word_1_28' title='bbox 1303 635 1431 702; x_wconf 90' lang='lat' dir='ltr'><strong>descri-</strong></span> 
     </span>
     <span class='ocr_line' id='line_1_5' title="bbox 207 757 1429 844; baseline -0.004 -20"><span class='ocrx_word' id='word_1_29' title='bbox 207 759 321 826; x_wconf 90' lang='lat' dir='ltr'><strong>bendis</strong></span> <span class='ocrx_word' id='word_1_30' title='bbox 345 779 385 826; x_wconf 88' lang='lat' dir='ltr'><strong>eo</strong></span> <span class='ocrx_word' id='word_1_31' title='bbox 405 765 552 844; x_wconf 85' lang='lat' dir='ltr'><strong>tempore</strong></span> <span class='ocrx_word' id='word_1_32' title='bbox 574 757 737 824; x_wconf 86' lang='lat' dir='ltr'><strong>aTiberio</strong></span> <span class='ocrx_word' id='word_1_33' title='bbox 761 758 862 841; x_wconf 82' lang='lat' dir='ltr'><strong>gestis</strong></span> <span class='ocrx_word' id='word_1_34' title='bbox 884 757 1028 842; x_wconf 81' lang='lat' dir='ltr'><strong>scriptor</strong></span> <span class='ocrx_word' id='word_1_35' title='bbox 1050 757 1097 821; x_wconf 89' lang='lat' dir='ltr'><strong>ita</strong></span> <span class='ocrx_word' id='word_1_36' title='bbox 1121 762 1278 829; x_wconf 87' lang='lat' dir='ltr'><strong>versatur,</strong></span> <span class='ocrx_word' id='word_1_37' title='bbox 1301 761 1338 820; x_wconf 93' lang='lat' dir='ltr'><strong>ut</strong></span> <span class='ocrx_word' id='word_1_38' title='bbox 1359 775 1429 820; x_wconf 91' lang='lat' dir='ltr'><strong>om-</strong></span> 
     </span>
     <span class='ocr_line' id='line_1_6' title="bbox 201 871 1429 961; baseline -0.003 -17"><span class='ocrx_word' id='word_1_39' title='bbox 201 879 284 958; x_wconf 39' lang='lat' dir='ltr'><strong>xnine</strong></span> <span class='ocrx_word' id='word_1_40' title='bbox 306 898 371 944; x_wconf 93' lang='lat' dir='ltr'><strong>non</strong></span> <span class='ocrx_word' id='word_1_41' title='bbox 395 877 527 943; x_wconf 91' lang='lat' dir='ltr'><strong>dubium</strong></span> <span class='ocrx_word' id='word_1_42' title='bbox 551 895 623 943; x_wconf 89' lang='lat' dir='ltr'><strong>esse</strong></span> <span class='ocrx_word' id='word_1_43' title='bbox 647 877 806 955; x_wconf 87' lang='lat' dir='ltr'><strong>videatur,</strong></span> <span class='ocrx_word' id='word_1_44' title='bbox 829 877 905 961; x_wconf 93' lang='lat' dir='ltr'><strong>quin</strong></span> <span class='ocrx_word' id='word_1_45' title='bbox 919 875 1122 958; x_wconf 87' lang='lat' dir='ltr'><strong>gravissimis</strong></span> <span class='ocrx_word' id='word_1_46' title='bbox 1146 873 1295 940; x_wconf 79' lang='lat' dir='ltr'><strong>cladibus</strong></span> <span class='ocrx_word' id='word_1_47' title='bbox 1319 871 1429 940; x_wconf 86' lang='lat' dir='ltr'><strong>affecti</strong></span> 
     </span>
     <span class='ocr_line' id='line_1_7' title="bbox 206 991 1428 1082; baseline -0.004 -20"><span class='ocrx_word' id='word_1_48' title='bbox 206 997 364 1072; x_wconf 77' lang='lat' dir='ltr'><strong>Germani</strong></span> <span class='ocrx_word' id='word_1_49' title='bbox 393 996 587 1064; x_wconf 82' lang='lat' dir='ltr'><strong>delectionis</strong></span> <span class='ocrx_word' id='word_1_50' title='bbox 616 1015 739 1082; x_wconf 87' lang='lat' dir='ltr'><strong>poenas</strong></span> <span class='ocrx_word' id='word_1_51' title='bbox 768 993 899 1061; x_wconf 87' lang='lat' dir='ltr'><strong>luerint.</strong></span> <span class='ocrx_word' id='word_1_52' title='bbox 944 993 1034 1060; x_wconf 91' lang='lat' dir='ltr'><strong>Haec</strong></span> <span class='ocrx_word' id='word_1_53' title='bbox 1058 994 1142 1058; x_wconf 89' lang='lat' dir='ltr'><strong>enim</strong></span> <span class='ocrx_word' id='word_1_54' title='bbox 1167 991 1267 1058; x_wconf 88' lang='lat' dir='ltr'><strong>verba</strong></span> <span class='ocrx_word' id='word_1_55' title='bbox 1288 994 1322 1058; x_wconf 93' lang='lat' dir='ltr'><strong>in</strong></span> <span class='ocrx_word' id='word_1_56' title='bbox 1345 992 1428 1060; x_wconf 89' lang='lat' dir='ltr'><strong>libro</strong></span> 
     </span>
     <span class='ocr_line' id='line_1_8' title="bbox 205 1107 1430 1201; baseline -0.003 -19"><span class='ocrx_word' id='word_1_57' title='bbox 205 1118 275 1182; x_wconf 91' lang='lat' dir='ltr'><strong>eius</strong></span> <span class='ocrx_word' id='word_1_58' title='bbox 298 1107 455 1198; x_wconf 76' lang='lat' dir='ltr'><strong>legimus:</strong></span> <span class='ocrx_word' id='word_1_59' title='bbox 480 1118 606 1197; x_wconf 84' lang='lat' dir='ltr'><strong>„Arma</strong></span> <span class='ocrx_word' id='word_1_60' title='bbox 627 1113 747 1198; x_wconf 82' lang='lat' dir='ltr'><strong>infert,</strong></span> <span class='ocrx_word' id='word_1_61' title='bbox 769 1133 854 1201; x_wconf 87' lang='lat' dir='ltr'><strong>quae</strong></span> <span class='ocrx_word' id='word_1_62' title='bbox 875 1114 1020 1180; x_wconf 80' lang='lat' dir='ltr'><strong>annuisse</strong></span> <span class='ocrx_word' id='word_1_63' title='bbox 1042 1116 1139 1198; x_wconf 90' lang='lat' dir='ltr'><strong>pater</strong></span> <span class='ocrx_word' id='word_1_64' title='bbox 1162 1116 1196 1178; x_wconf 88' lang='lat' dir='ltr'><strong>et</strong></span> <span class='ocrx_word' id='word_1_65' title='bbox 1220 1113 1330 1196; x_wconf 82' lang='lat' dir='ltr'><strong>patria</strong></span> <span class='ocrx_word' id='word_1_66' title='bbox 1352 1133 1430 1178; x_wconf 92' lang='lat' dir='ltr'><strong>con·</strong></span> 
     </span>
     <span class='ocr_line' id='line_1_9' title="bbox 206 1231 1430 1321; baseline -0.003 -20"><span class='ocrx_word' id='word_1_67' title='bbox 206 1235 290 1302; x_wconf 91' lang='lat' dir='ltr'><strong>tenti</strong></span> <span class='ocrx_word' id='word_1_68' title='bbox 312 1243 421 1312; x_wconf 84' lang='lat' dir='ltr'><strong>erant;</strong></span> <span class='ocrx_word' id='word_1_69' title='bbox 443 1239 595 1321; x_wconf 90' lang='lat' dir='ltr'><strong>penetrat</strong></span> <span class='ocrx_word' id='word_1_70' title='bbox 616 1235 774 1316; x_wconf 76' lang='lat' dir='ltr'><strong>interius,</strong></span> <span class='ocrx_word' id='word_1_71' title='bbox 803 1234 910 1319; x_wconf 90' lang='lat' dir='ltr'><strong>aperit</strong></span> <span class='ocrx_word' id='word_1_72' title='bbox 931 1231 1071 1316; x_wconf 86' lang='lat' dir='ltr'><strong>limites,</strong></span> <span class='ocrx_word' id='word_1_73' title='bbox 1093 1234 1203 1299; x_wconf 86' lang='lat' dir='ltr'><strong>vastat</strong></span> <span class='ocrx_word' id='word_1_74' title='bbox 1225 1249 1342 1313; x_wconf 80' lang='lat' dir='ltr'><strong>agrae,</strong></span> <span class='ocrx_word' id='word_1_75' title='bbox 1366 1232 1430 1298; x_wconf 90' lang='lat' dir='ltr'><strong>urit</strong></span> 
     </span>
     <span class='ocr_line' id='line_1_10' title="bbox 206 1335 1429 1440; baseline -0.004 -19"><span class='ocrx_word' id='word_1_76' title='bbox 206 1356 339 1434; x_wconf 90' lang='lat' dir='ltr'><strong>domos,</strong></span> <span class='ocrx_word' id='word_1_77' title='bbox 360 1355 468 1421; x_wconf 87' lang='lat' dir='ltr'><strong>fundit</strong></span> <span class='ocrx_word' id='word_1_78' title='bbox 490 1353 614 1434; x_wconf 88' lang='lat' dir='ltr'><strong>obvios,</strong></span> <span class='ocrx_word' id='word_1_79' title='bbox 637 1353 847 1440; x_wconf 84' lang='lat' dir='ltr'><strong>maximaque</strong></span> <span class='ocrx_word' id='word_1_80' title='bbox 870 1371 943 1418; x_wconf 85' lang='lat' dir='ltr'><strong>anm</strong></span> <span class='ocrx_word' id='word_1_81' title='bbox 968 1350 1074 1434; x_wconf 87' lang='lat' dir='ltr'><strong>gloria</strong></span> <span class='ocrx_word' id='word_1_82' title='bbox 1095 1335 1429 1428; x_wconf 89' lang='lat' dir='ltr'><strong>incolumiomninm,</strong></span> 
     </span>
     <span class='ocr_line' id='line_1_11' title="bbox 207 1467 1430 1560; baseline -0.004 -20"><span class='ocrx_word' id='word_1_83' title='bbox 207 1493 289 1560; x_wconf 93' lang='lat' dir='ltr'><strong>qnos</strong></span> <span class='ocrx_word' id='word_1_84' title='bbox 311 1471 554 1550; x_wconf 83' lang='lat' dir='ltr'><strong>transduxerat,</strong></span> <span class='ocrx_word' id='word_1_85' title='bbox 576 1492 710 1539; x_wconf 91' lang='lat' dir='ltr'><strong>numero</strong></span> <span class='ocrx_word' id='word_1_86' title='bbox 733 1473 767 1537; x_wconf 94' lang='lat' dir='ltr'><strong>in</strong></span> <span class='ocrx_word' id='word_1_87' title='bbox 789 1467 926 1538; x_wconf 90' lang='lat' dir='ltr'><strong>hiberna</strong></span> <span class='ocrx_word' id='word_1_88' title='bbox 950 1469 1135 1536; x_wconf 88' lang='lat' dir='ltr'><strong>revertitur.</strong></span> <span class='ocrx_word' id='word_1_89' title='bbox 1178 1468 1301 1534; x_wconf 86' lang='lat' dir='ltr'><strong>Eodem</strong></span> <span class='ocrx_word' id='word_1_90' title='bbox 1325 1472 1430 1536; x_wconf 86' lang='lat' dir='ltr'><strong>virtus</strong></span> 
     </span>
     <span class='ocr_line' id='line_1_12' title="bbox 206 1587 1430 1678; baseline -0.002 -20"><span class='ocrx_word' id='word_1_91' title='bbox 206 1598 239 1659; x_wconf 87' lang='lat' dir='ltr'><strong>et</strong></span> <span class='ocrx_word' id='word_1_92' title='bbox 270 1592 403 1658; x_wconf 88' lang='lat' dir='ltr'><strong>fortuna</strong></span> <span class='ocrx_word' id='word_1_93' title='bbox 432 1592 646 1678; x_wconf 87' lang='lat' dir='ltr'><strong>subsequenti</strong></span> <span class='ocrx_word' id='word_1_94' title='bbox 687 1596 835 1678; x_wconf 88' lang='lat' dir='ltr'><strong>tempore</strong></span> <span class='ocrx_word' id='word_1_95' title='bbox 876 1589 1017 1672; x_wconf 83' lang='lat' dir='ltr'><strong>ingressi</strong></span> <span class='ocrx_word' id='word_1_96' title='bbox 1045 1587 1256 1654; x_wconf 82' lang='lat' dir='ltr'><strong>Germaniam</strong></span> <span class='ocrx_word' id='word_1_97' title='bbox 1287 1587 1430 1675; x_wconf 89' lang='lat' dir='ltr'><strong>impera·</strong></span> 
     </span>
     <span class='ocr_line' id='line_1_13' title="bbox 206 1706 1429 1806; baseline -0.002 -30"><span class='ocrx_word' id='word_1_98' title='bbox 206 1713 292 1790; x_wconf 48' lang='lat' dir='ltr'><strong>toris¹</strong></span> <span class='ocrx_word' id='word_1_99' title='bbox 309 1711 420 1778; x_wconf 92' lang='lat' dir='ltr'><strong>Tiberi</strong></span> <span class='ocrx_word' id='word_1_100' title='bbox 440 1710 520 1794; x_wconf 82' lang='lat' dir='ltr'><strong>fnit,</strong></span> <span class='ocrx_word' id='word_1_101' title='bbox 553 1730 636 1806; x_wconf 88' lang='lat' dir='ltr'><strong>quae</strong></span> <span class='ocrx_word' id='word_1_102' title='bbox 658 1706 751 1776; x_wconf 89' lang='lat' dir='ltr'><strong>initio</strong></span> <span class='ocrx_word' id='word_1_103' title='bbox 773 1710 903 1776; x_wconf 85' lang='lat' dir='ltr'><strong>iuerat“</strong></span> <span class='ocrx_word' id='word_1_104' title='bbox 927 1708 986 1793; x_wconf 86' lang='lat' dir='ltr'><strong>(cf.</strong></span> <span class='ocrx_word' id='word_1_105' title='bbox 1012 1709 1091 1785; x_wconf 82' lang='lat'><strong>121,</strong></span> <span class='ocrx_word' id='word_1_106' title='bbox 1113 1709 1134 1774; x_wconf 83' lang='lat'><strong><em>2</em></strong></span> <span class='ocrx_word' id='word_1_107' title='bbox 1157 1712 1190 1774; x_wconf 91' lang='lat' dir='ltr'><strong>et</strong></span> <span class='ocrx_word' id='word_1_108' title='bbox 1210 1707 1258 1786; x_wconf 67' lang='lat'><strong>3).</strong></span> <span class='ocrx_word' id='word_1_109' title='bbox 1303 1707 1429 1788; x_wconf 86' lang='lat' dir='ltr'><strong>Quibus</strong></span> 
     </span>
     <span class='ocr_line' id='line_1_14' title="bbox 205 1826 1430 1916; baseline 0.001 -23"><span class='ocrx_word' id='word_1_110' title='bbox 205 1829 239 1894; x_wconf 92' lang='lat' dir='ltr'><strong>in</strong></span> <span class='ocrx_word' id='word_1_111' title='bbox 271 1830 509 1916; x_wconf 88' lang='lat' dir='ltr'><strong>persequendis</strong></span> <span class='ocrx_word' id='word_1_112' title='bbox 538 1829 703 1897; x_wconf 87' lang='lat' dir='ltr'><strong>Tiberium</strong></span> <span class='ocrx_word' id='word_1_113' title='bbox 737 1829 1011 1915; x_wconf 83' lang='lat' dir='ltr'><strong>vituperationem</strong></span> <span class='ocrx_word' id='word_1_114' title='bbox 1044 1845 1084 1893; x_wconf 90' lang='lat' dir='ltr'><strong>ea</strong></span> <span class='ocrx_word' id='word_1_115' title='bbox 1113 1827 1153 1892; x_wconf 91' lang='lat' dir='ltr'><strong>de</strong></span> <span class='ocrx_word' id='word_1_116' title='bbox 1184 1845 1285 1893; x_wconf 89' lang='lat' dir='ltr'><strong>causa</strong></span> <span class='ocrx_word' id='word_1_117' title='bbox 1306 1826 1430 1907; x_wconf 88' lang='lat' dir='ltr'><strong>subire,</strong></span> 
     </span>
     <span class='ocr_line' id='line_1_15' title="bbox 205 1945 1430 2035; baseline -0.002 -21"><span class='ocrx_word' id='word_1_118' title='bbox 205 1950 292 2034; x_wconf 90' lang='lat' dir='ltr'><strong>quod</strong></span> <span class='ocrx_word' id='word_1_119' title='bbox 314 1947 421 2014; x_wconf 87' lang='lat' dir='ltr'><strong>nullas</strong></span> <span class='ocrx_word' id='word_1_120' title='bbox 443 1947 610 2016; x_wconf 83' lang='lat' dir='ltr'><strong>conseruit</strong></span> <span class='ocrx_word' id='word_1_121' title='bbox 631 1948 820 2035; x_wconf 88' lang='lat' dir='ltr'><strong>splendidas</strong></span> <span class='ocrx_word' id='word_1_122' title='bbox 838 1966 969 2034; x_wconf 83' lang='lat' dir='ltr'><strong>pugnas</strong></span> <span class='ocrx_word' id='word_1_123' title='bbox 993 1951 1026 2013; x_wconf 91' lang='lat' dir='ltr'><strong>et</strong></span> <span class='ocrx_word' id='word_1_124' title='bbox 1047 1965 1176 2012; x_wconf 86' lang='lat' dir='ltr'><strong>summa</strong></span> <span class='ocrx_word' id='word_1_125' title='bbox 1199 1965 1278 2030; x_wconf 83' lang='lat' dir='ltr'><strong>usus</strong></span> <span class='ocrx_word' id='word_1_126' title='bbox 1292 1945 1430 2034; x_wconf 83' lang='lat' dir='ltr'><strong>diligen-</strong></span> 
     </span>
     <span class='ocr_line' id='line_1_16' title="bbox 205 2065 1427 2153; baseline 0 -21"><span class='ocrx_word' id='word_1_127' title='bbox 205 2067 254 2133; x_wconf 90' lang='lat' dir='ltr'><strong>tia</strong></span> <span class='ocrx_word' id='word_1_128' title='bbox 274 2067 405 2153; x_wconf 90' lang='lat' dir='ltr'><strong>imperii</strong></span> <span class='ocrx_word' id='word_1_129' title='bbox 427 2067 545 2134; x_wconf 88' lang='lat' dir='ltr'><strong>linibus</strong></span> <span class='ocrx_word' id='word_1_130' title='bbox 566 2068 698 2134; x_wconf 90' lang='lat' dir='ltr'><strong>tuendis</strong></span> <span class='ocrx_word' id='word_1_131' title='bbox 721 2087 757 2133; x_wconf 91' lang='lat' dir='ltr'><strong>se</strong></span> <span class='ocrx_word' id='word_1_132' title='bbox 780 2067 952 2146; x_wconf 88' lang='lat' dir='ltr'><strong>continuit,</strong></span> <span class='ocrx_word' id='word_1_133' title='bbox 977 2084 1043 2131; x_wconf 91' lang='lat' dir='ltr'><strong>non</strong></span> <span class='ocrx_word' id='word_1_134' title='bbox 1066 2084 1195 2132; x_wconf 89' lang='lat' dir='ltr'><strong>censeo.</strong></span> <span class='ocrx_word' id='word_1_135' title='bbox 1238 2065 1353 2151; x_wconf 89' lang='lat' dir='ltr'><strong>Neque</strong></span> <span class='ocrx_word' id='word_1_136' title='bbox 1377 2069 1427 2132; x_wconf 89' lang='lat' dir='ltr'><strong>ta·</strong></span> 
     </span>
     <span class='ocr_line' id='line_1_17' title="bbox 204 2183 1429 2276; baseline 0 -26"><span class='ocrx_word' id='word_1_137' title='bbox 204 2206 280 2252; x_wconf 91' lang='lat' dir='ltr'><strong>men</strong></span> <span class='ocrx_word' id='word_1_138' title='bbox 301 2205 453 2268; x_wconf 82' lang='lat' dir='ltr'><strong>magnam</strong></span> <span class='ocrx_word' id='word_1_139' title='bbox 486 2186 625 2268; x_wconf 84' lang='lat' dir='ltr'><strong>gloriam</strong></span> <span class='ocrx_word' id='word_1_140' title='bbox 657 2190 690 2251; x_wconf 90' lang='lat' dir='ltr'><strong>et</strong></span> <span class='ocrx_word' id='word_1_141' title='bbox 721 2187 854 2270; x_wconf 84' lang='lat' dir='ltr'><strong>merita,</strong></span> <span class='ocrx_word' id='word_1_142' title='bbox 878 2187 918 2251; x_wconf 91' lang='lat' dir='ltr'><strong>de</strong></span> <span class='ocrx_word' id='word_1_143' title='bbox 949 2183 1068 2276; x_wconf 89' lang='lat' dir='ltr'><strong>quibus</strong></span> <span class='ocrx_word' id='word_1_144' title='bbox 1093 2189 1328 2250; x_wconf 89' lang='lat' dir='ltr'><strong>commemorat</strong></span> <span class='ocrx_word' id='word_1_145' title='bbox 1349 2183 1429 2250; x_wconf 82' lang='lat' dir='ltr'><strong>Vel·</strong></span> 
     </span>
     <span class='ocr_line' id='line_1_18' title="bbox 201 2283 1431 2390; baseline 0.002 -22"><span class='ocrx_word' id='word_1_146' title='bbox 201 2305 297 2383; x_wconf 88' lang='lat' dir='ltr'><strong>leius,</strong></span> <span class='ocrx_word' id='word_1_147' title='bbox 320 2306 564 2390; x_wconf 86' lang='lat' dir='ltr'><strong>comparavisse</strong></span> <span class='ocrx_word' id='word_1_148' title='bbox 588 2323 662 2372; x_wconf 89' lang='lat' dir='ltr'><strong>cum</strong></span> <span class='ocrx_word' id='word_1_149' title='bbox 684 2306 780 2370; x_wconf 90' lang='lat' dir='ltr'><strong>testis</strong></span> <span class='ocrx_word' id='word_1_150' title='bbox 803 2283 853 2370; x_wconf 87' lang='lat' dir='ltr'><strong>est</strong></span> <span class='ocrx_word' id='word_1_151' title='bbox 867 2305 938 2385; x_wconf 81' lang='lat' dir='ltr'><strong>Dio,</strong></span> <span class='ocrx_word' id='word_1_152' title='bbox 961 2305 1053 2370; x_wconf 87' lang='lat' dir='ltr'><strong>cuius</strong></span> <span class='ocrx_word' id='word_1_153' title='bbox 1076 2303 1296 2388; x_wconf 75' lang='lat' dir='ltr'><strong>narrationem</strong></span> <span class='ocrx_word' id='word_1_154' title='bbox 1320 2302 1431 2370; x_wconf 85' lang='lat' dir='ltr'><strong>avel-</strong></span> 
     </span>
     <span class='ocr_line' id='line_1_19' title="bbox 203 2420 1428 2512; baseline 0 -24"><span class='ocrx_word' id='word_1_155' title='bbox 203 2423 313 2490; x_wconf 89' lang='lat' dir='ltr'><strong>leiana</strong></span> <span class='ocrx_word' id='word_1_156' title='bbox 336 2424 512 2500; x_wconf 90' lang='lat' dir='ltr'><strong>dissentire</strong></span> <span class='ocrx_word' id='word_1_157' title='bbox 540 2425 605 2490; x_wconf 89' lang='lat' dir='ltr'><strong>iam</strong></span> <span class='ocrx_word' id='word_1_158' title='bbox 636 2425 742 2509; x_wconf 89' lang='lat' dir='ltr'><strong>primo</strong></span> <span class='ocrx_word' id='word_1_159' title='bbox 774 2428 912 2512; x_wconf 89' lang='lat' dir='ltr'><strong>aspectu</strong></span> <span class='ocrx_word' id='word_1_160' title='bbox 944 2428 1053 2509; x_wconf 86' lang='lat' dir='ltr'><strong>potest</strong></span> <span class='ocrx_word' id='word_1_161' title='bbox 1074 2424 1238 2509; x_wconf 80' lang='lat' dir='ltr'><strong>pernosci.</strong></span> <span class='ocrx_word' id='word_1_162' title='bbox 1284 2420 1428 2492; x_wconf 84' lang='lat' dir='ltr'><strong>Velleius</strong></span> 
     </span>
     <span class='ocr_line' id='line_1_20' title="bbox 205 2541 1426 2628; baseline 0.002 -22"><span class='ocrx_word' id='word_1_163' title='bbox 205 2543 290 2607; x_wconf 84' lang='lat' dir='ltr'><strong>enim</strong></span> <span class='ocrx_word' id='word_1_164' title='bbox 314 2544 411 2626; x_wconf 91' lang='lat' dir='ltr'><strong>dicit,</strong></span> <span class='ocrx_word' id='word_1_165' title='bbox 443 2543 603 2608; x_wconf 88' lang='lat' dir='ltr'><strong>limitions</strong></span> <span class='ocrx_word' id='word_1_166' title='bbox 626 2544 752 2628; x_wconf 86' lang='lat' dir='ltr'><strong>apertis</strong></span> <span class='ocrx_word' id='word_1_167' title='bbox 775 2542 941 2609; x_wconf 87' lang='lat' dir='ltr'><strong>Tiberium</strong></span> <span class='ocrx_word' id='word_1_168' title='bbox 964 2542 1101 2608; x_wconf 90' lang='lat' dir='ltr'><strong>interius</strong></span> <span class='ocrx_word' id='word_1_169' title='bbox 1124 2549 1334 2628; x_wconf 87' lang='lat' dir='ltr'><strong>penetrasse,</strong></span> <span class='ocrx_word' id='word_1_170' title='bbox 1365 2541 1426 2608; x_wconf 89' lang='lat' dir='ltr'><strong>Dio</strong></span> 
     </span>
     <span class='ocr_line' id='line_1_21' title="bbox 205 2637 1429 2748; baseline 0.002 -24"><span class='ocrx_word' id='word_1_171' title='bbox 205 2680 271 2725; x_wconf 92' lang='lat' dir='ltr'><strong>non</strong></span> <span class='ocrx_word' id='word_1_172' title='bbox 293 2660 387 2744; x_wconf 86' lang='lat' dir='ltr'><strong>longe</strong></span> <span class='ocrx_word' id='word_1_173' title='bbox 410 2681 431 2726; x_wconf 90' lang='lat' dir='ltr'><strong>a</strong></span> <span class='ocrx_word' id='word_1_174' title='bbox 451 2661 563 2728; x_wconf 88' lang='lat' dir='ltr'><strong>Rheno</strong></span> <span class='ocrx_word' id='word_1_175' title='bbox 587 2637 884 2748; x_wconf 73' lang='lat' dir='ltr'><strong>eumprogressnm</strong></span> <span class='ocrx_word' id='word_1_176' title='bbox 907 2681 996 2741; x_wconf 82' lang='lat' dir='ltr'><strong>esse3</strong></span> <span class='ocrx_word' id='word_1_177' title='bbox 1019 2659 1073 2726; x_wconf 90' lang='lat' dir='ltr'><strong>ille</strong></span> <span class='ocrx_word' id='word_1_178' title='bbox 1090 2679 1163 2725; x_wconf 89' lang='lat' dir='ltr'><strong>curn</strong></span> <span class='ocrx_word' id='word_1_179' title='bbox 1189 2660 1334 2727; x_wconf 86' lang='lat' dir='ltr'><strong>hostibus</strong></span> <span class='ocrx_word' id='word_1_180' title='bbox 1358 2663 1429 2728; x_wconf 90' lang='lat' dir='ltr'><strong>acie</strong></span> 
     </span>
     <span class='ocr_line' id='line_1_22' title="bbox 205 2779 1428 2867; baseline 0.001 -24"><span class='ocrx_word' id='word_1_181' title='bbox 205 2779 392 2845; x_wconf 82' lang='lat' dir='ltr'><strong>conflixisse</strong></span> <span class='ocrx_word' id='word_1_182' title='bbox 422 2779 605 2854; x_wconf 89' lang='lat' dir='ltr'><strong>Tiberium,</strong></span> <span class='ocrx_word' id='word_1_183' title='bbox 637 2801 756 2867; x_wconf 87' lang='lat' dir='ltr'><strong>eosque</strong></span> <span class='ocrx_word' id='word_1_184' title='bbox 787 2788 959 2867; x_wconf 87' lang='lat' dir='ltr'><strong>superatos</strong></span> <span class='ocrx_word' id='word_1_185' title='bbox 988 2799 1078 2860; x_wconf 90' lang='lat' dir='ltr'><strong>esse,</strong></span> <span class='ocrx_word' id='word_1_186' title='bbox 1107 2779 1160 2845; x_wconf 90' lang='lat' dir='ltr'><strong>bic</strong></span> <span class='ocrx_word' id='word_1_187' title='bbox 1182 2779 1271 2845; x_wconf 93' lang='lat' dir='ltr'><strong>nullo</strong></span> <span class='ocrx_word' id='word_1_188' title='bbox 1302 2779 1428 2866; x_wconf 90' lang='lat' dir='ltr'><strong>proelio</strong></span> 
     </span>
     <span class='ocr_line' id='line_1_23' title="bbox 204 2898 1430 2986; baseline 0.005 -24"><span class='ocrx_word' id='word_1_189' title='bbox 204 2916 275 2964; x_wconf 91' lang='lat' dir='ltr'><strong>esse</strong></span> <span class='ocrx_word' id='word_1_190' title='bbox 299 2899 401 2964; x_wconf 90' lang='lat' dir='ltr'><strong>victos</strong></span> <span class='ocrx_word' id='word_1_191' title='bbox 424 2899 617 2976; x_wconf 88' lang='lat' dir='ltr'><strong>Germanos,</strong></span> <span class='ocrx_word' id='word_1_192' title='bbox 640 2920 738 2986; x_wconf 90' lang='lat' dir='ltr'><strong>quum</strong></span> <span class='ocrx_word' id='word_1_193' title='bbox 761 2919 855 2964; x_wconf 89' lang='lat' dir='ltr'><strong>nemo</strong></span> <span class='ocrx_word' id='word_1_194' title='bbox 878 2919 1010 2964; x_wconf 89' lang='lat' dir='ltr'><strong>manum</strong></span> <span class='ocrx_word' id='word_1_195' title='bbox 1034 2900 1254 2965; x_wconf 87' lang='lat' dir='ltr'><strong>conseruisset</strong></span> <span class='ocrx_word' id='word_1_196' title='bbox 1276 2899 1333 2975; x_wconf 84' lang='lat' dir='ltr'><strong>(cf.</strong></span> <span class='ocrx_word' id='word_1_197' title='bbox 1356 2898 1430 2968; x_wconf 92' lang='lat' dir='ltr'><strong>Dio.</strong></span> 
     </span>
     <span class='ocr_line' id='line_1_24' title="bbox 202 3017 1430 3104; baseline 0.003 -24"><span class='ocrx_word' id='word_1_198' title='bbox 202 3017 255 3096; x_wconf 83' lang='grc'><strong>56,</strong></span> <span class='ocrx_word' id='word_1_199' title='bbox 277 3017 343 3092; x_wconf 79' lang='lat'><strong>25).</strong></span> <span class='ocrx_word' id='word_1_200' title='bbox 387 3020 536 3104; x_wconf 87' lang='lat' dir='ltr'><strong>Apparet</strong></span> <span class='ocrx_word' id='word_1_201' title='bbox 557 3019 659 3100; x_wconf 84' lang='lat' dir='ltr'><strong>igitur</strong></span> <span class='ocrx_word' id='word_1_202' title='bbox 679 3037 782 3104; x_wconf 87' lang='lat' dir='ltr'><strong>neque</strong></span> <span class='ocrx_word' id='word_1_203' title='bbox 804 3019 837 3084; x_wconf 94' lang='lat' dir='ltr'><strong>in</strong></span> <span class='ocrx_word' id='word_1_204' title='bbox 860 3019 921 3083; x_wconf 87' lang='lat' dir='ltr'><strong>bac</strong></span> <span class='ocrx_word' id='word_1_205' title='bbox 934 3017 1143 3104; x_wconf 84' lang='lat' dir='ltr'><strong>expeditione</strong></span> <span class='ocrx_word' id='word_1_206' title='bbox 1165 3019 1351 3084; x_wconf 88' lang='lat' dir='ltr'><strong>enarranda</strong></span> <span class='ocrx_word' id='word_1_207' title='bbox 1372 3039 1430 3084; x_wconf 90' lang='lat' dir='ltr'><strong>ne·</strong></span> 
     </span>
     <span class='ocr_line' id='line_1_25' title="bbox 205 3134 1430 3223; baseline 0.002 -24"><span class='ocrx_word' id='word_1_208' title='bbox 205 3152 267 3218; x_wconf 88' lang='lat' dir='ltr'><strong>que</strong></span> <span class='ocrx_word' id='word_1_209' title='bbox 290 3137 322 3200; x_wconf 94' lang='lat' dir='ltr'><strong>in</strong></span> <span class='ocrx_word' id='word_1_210' title='bbox 345 3134 422 3215; x_wconf 92' lang='lat' dir='ltr'><strong>illis,</strong></span> <span class='ocrx_word' id='word_1_211' title='bbox 446 3157 529 3222; x_wconf 87' lang='lat' dir='ltr'><strong>quae</strong></span> <span class='ocrx_word' id='word_1_212' title='bbox 550 3141 649 3202; x_wconf 85' lang='lat' dir='ltr'><strong>antea</strong></span> <span class='ocrx_word' id='word_1_213' title='bbox 672 3136 948 3223; x_wconf 79' lang='lat' dir='ltr'><strong>explicatasunt,</strong></span> <span class='ocrx_word' id='word_1_214' title='bbox 970 3154 1121 3203; x_wconf 87' lang='lat' dir='ltr'><strong>servasse</strong></span> <span class='ocrx_word' id='word_1_215' title='bbox 1145 3135 1303 3203; x_wconf 87' lang='lat' dir='ltr'><strong>Velleium</strong></span> <span class='ocrx_word' id='word_1_216' title='bbox 1327 3136 1430 3204; x_wconf 89' lang='lat' dir='ltr'><strong>histo·</strong></span> 
     </span>
     <span class='ocr_line' id='line_1_26' title="bbox 204 3251 1429 3342; baseline 0.005 -26"><span class='ocrx_word' id='word_1_217' title='bbox 204 3253 272 3332; x_wconf 84' lang='lat' dir='ltr'><strong>riae</strong></span> <span class='ocrx_word' id='word_1_218' title='bbox 293 3251 403 3320; x_wconf 86' lang='lat' dir='ltr'><strong>fidem.</strong></span> <span class='ocrx_word' id='word_1_219' title='bbox 446 3254 532 3332; x_wconf 85' lang='lat' dir='ltr'><strong>Quin</strong></span> <span class='ocrx_word' id='word_1_220' title='bbox 562 3254 673 3339; x_wconf 90' lang='lat' dir='ltr'><strong>potius</strong></span> <span class='ocrx_word' id='word_1_221' title='bbox 705 3276 765 3342; x_wconf 89' lang='lat' dir='ltr'><strong>pro</strong></span> <span class='ocrx_word' id='word_1_222' title='bbox 797 3259 887 3322; x_wconf 86' lang='lat' dir='ltr'><strong>certo</strong></span> <span class='ocrx_word' id='word_1_223' title='bbox 917 3255 1144 3322; x_wconf 77' lang='lat' dir='ltr'><strong>affirmandum</strong></span> <span class='ocrx_word' id='word_1_224' title='bbox 1175 3263 1242 3338; x_wconf 86' lang='lat' dir='ltr'><strong>est,</strong></span> <span class='ocrx_word' id='word_1_225' title='bbox 1273 3255 1429 3322; x_wconf 91' lang='lat' dir='ltr'><strong>adulandi</strong></span> 
     </span>
     <span class='ocr_line' id='line_1_27' title="bbox 204 3361 1353 3460; baseline 0.006 -25"><span class='ocrx_word' id='word_1_226' title='bbox 204 3376 237 3437; x_wconf 90' lang='lat' dir='ltr'><strong>et</strong></span> <span class='ocrx_word' id='word_1_227' title='bbox 258 3371 384 3454; x_wconf 81' lang='lat' dir='ltr'><strong>gratiae</strong></span> <span class='ocrx_word' id='word_1_228' title='bbox 406 3371 592 3460; x_wconf 88' lang='lat' dir='ltr'><strong>sequendae</strong></span> <span class='ocrx_word' id='word_1_229' title='bbox 615 3375 723 3440; x_wconf 90' lang='lat' dir='ltr'><strong>studio</strong></span> <span class='ocrx_word' id='word_1_230' title='bbox 746 3395 798 3441; x_wconf 93' lang='lat' dir='ltr'><strong>res</strong></span> <span class='ocrx_word' id='word_1_231' title='bbox 822 3375 862 3440; x_wconf 90' lang='lat' dir='ltr'><strong>ab</strong></span> <span class='ocrx_word' id='word_1_232' title='bbox 886 3395 924 3442; x_wconf 89' lang='lat' dir='ltr'><strong>eo</strong></span> <span class='ocrx_word' id='word_1_233' title='bbox 946 3375 981 3440; x_wconf 92' lang='lat' dir='ltr'><strong>in</strong></span> <span class='ocrx_word' id='word_1_234' title='bbox 1004 3375 1110 3440; x_wconf 86' lang='lat' dir='ltr'><strong>maius</strong></span> <span class='ocrx_word' id='word_1_235' title='bbox 1126 3361 1205 3440; x_wconf 77' lang='lat' dir='ltr'><strong>&#39;esse</strong></span> <span class='ocrx_word' id='word_1_236' title='bbox 1226 3381 1353 3442; x_wconf 88' lang='lat' dir='ltr'><strong>auctas.</strong></span> 
     </span>
     <span class='ocr_line' id='line_1_28' title="bbox 289 3489 1431 3580; baseline 0.006 -25"><span class='ocrx_word' id='word_1_237' title='bbox 289 3489 365 3555; x_wconf 84' lang='lat' dir='ltr'><strong>Jam</strong></span> <span class='ocrx_word' id='word_1_238' title='bbox 388 3491 467 3557; x_wconf 90' lang='lat' dir='ltr'><strong>mibi</strong></span> <span class='ocrx_word' id='word_1_239' title='bbox 490 3493 745 3558; x_wconf 81' lang='lat' dir='ltr'><strong>examinandum</strong></span> <span class='ocrx_word' id='word_1_240' title='bbox 768 3493 837 3575; x_wconf 88' lang='lat' dir='ltr'><strong>est&#39;,</strong></span> <span class='ocrx_word' id='word_1_241' title='bbox 860 3491 967 3580; x_wconf 90' lang='lat' dir='ltr'><strong>quoad</strong></span> <span class='ocrx_word' id='word_1_242' title='bbox 989 3492 1138 3559; x_wconf 88' lang='lat' dir='ltr'><strong>Tiberius</strong></span> <span class='ocrx_word' id='word_1_243' title='bbox 1162 3495 1205 3560; x_wconf 88' lang='lat' dir='ltr'><strong>sit</strong></span> <span class='ocrx_word' id='word_1_244' title='bbox 1227 3493 1347 3576; x_wconf 84' lang='lat' dir='ltr'><strong>dignus</strong></span> <span class='ocrx_word' id='word_1_245' title='bbox 1371 3494 1431 3562; x_wconf 85' lang='lat' dir='ltr'><strong>illa</strong></span> 
     </span>
     <span class='ocr_line' id='line_1_29' title="bbox 203 3605 1427 3700; baseline 0.006 -30"><span class='ocrx_word' id='word_1_246' title='bbox 203 3605 319 3688; x_wconf 89' lang='lat' dir='ltr'><strong>laude,</strong></span> <span class='ocrx_word' id='word_1_247' title='bbox 342 3628 406 3695; x_wconf 86' lang='lat' dir='ltr'><strong>qua</strong></span> <span class='ocrx_word' id='word_1_248' title='bbox 438 3611 627 3700; x_wconf 89' lang='lat' dir='ltr'><strong>muneribus</strong></span> <span class='ocrx_word' id='word_1_249' title='bbox 657 3610 798 3698; x_wconf 87' lang='lat' dir='ltr'><strong>publicis</strong></span> <span class='ocrx_word' id='word_1_250' title='bbox 812 3613 1016 3695; x_wconf 83' lang='lat' dir='ltr'><strong>·.fungentem</strong></span> <span class='ocrx_word' id='word_1_251' title='bbox 1041 3611 1184 3678; x_wconf 88' lang='lat' dir='ltr'><strong>Velleius</strong></span> <span class='ocrx_word' id='word_1_252' title='bbox 1206 3614 1427 3700; x_wconf 87' lang='lat' dir='ltr'><strong>prosequitur.</strong></span> 
     </span>
     <span class='ocr_line' id='line_1_30' title="bbox 204 3711 1428 3816; baseline 0.006 -25"><span class='ocrx_word' id='word_1_253' title='bbox 204 3725 277 3792; x_wconf 93' lang='lat' dir='ltr'><strong>Non</strong></span> <span class='ocrx_word' id='word_1_254' title='bbox 300 3728 431 3812; x_wconf 90' lang='lat' dir='ltr'><strong>quidem</strong></span> <span class='ocrx_word' id='word_1_255' title='bbox 454 3729 536 3795; x_wconf 88' lang='lat' dir='ltr'><strong>adeo</strong></span> <span class='ocrx_word' id='word_1_256' title='bbox 560 3733 611 3796; x_wconf 91' lang='lat' dir='ltr'><strong>est</strong></span> <span class='ocrx_word' id='word_1_257' title='bbox 632 3729 754 3797; x_wconf 88' lang='lat' dir='ltr'><strong>multus</strong></span> <span class='ocrx_word' id='word_1_258' title='bbox 777 3731 811 3796; x_wconf 94' lang='lat' dir='ltr'><strong>in</strong></span> <span class='ocrx_word' id='word_1_259' title='bbox 832 3730 894 3797; x_wconf 92' lang='lat' dir='ltr'><strong>bac</strong></span> <span class='ocrx_word' id='word_1_260' title='bbox 915 3711 1150 3811; x_wconf 87' lang='lat' dir='ltr'><strong>relaudanda,</strong></span> <span class='ocrx_word' id='word_1_261' title='bbox 1174 3731 1280 3816; x_wconf 90' lang='lat' dir='ltr'><strong>qualis</strong></span> <span class='ocrx_word' id='word_1_262' title='bbox 1302 3733 1428 3800; x_wconf 93' lang='lat' dir='ltr'><strong>inveni·</strong></span> 
     </span>
     <span class='ocr_line' id='line_1_31' title="bbox 205 3836 1428 3937; baseline 0.008 -29"><span class='ocrx_word' id='word_1_263' title='bbox 205 3850 258 3908; x_wconf 88' lang='lat' dir='ltr'><strong>tnr</strong></span> <span class='ocrx_word' id='word_1_264' title='bbox 279 3843 315 3910; x_wconf 93' lang='lat' dir='ltr'><strong>in</strong></span> <span class='ocrx_word' id='word_1_265' title='bbox 337 3845 430 3912; x_wconf 88' lang='lat' dir='ltr'><strong>bellis</strong></span> <span class='ocrx_word' id='word_1_266' title='bbox 446 3848 652 3914; x_wconf 86' lang='lat' dir='ltr'><strong>enarrandis.</strong></span> <span class='ocrx_word' id='word_1_267' title='bbox 697 3848 915 3916; x_wconf 88' lang='lat' dir='ltr'><strong>Nihilominus</strong></span> <span class='ocrx_word' id='word_1_268' title='bbox 929 3869 1006 3916; x_wconf 88' lang='lat' dir='ltr'><strong>vero</strong></span> <span class='ocrx_word' id='word_1_269' title='bbox 1022 3836 1177 3932; x_wconf 83' lang='lat' dir='ltr'><strong>magnam</strong></span> <span class='ocrx_word' id='word_1_270' title='bbox 1194 3849 1329 3917; x_wconf 90' lang='lat' dir='ltr'><strong>navavit</strong></span> <span class='ocrx_word' id='word_1_271' title='bbox 1350 3870 1428 3937; x_wconf 92' lang='lat' dir='ltr'><strong>ope-</strong></span> 
     </span>
     <span class='ocr_line' id='line_1_32' title="bbox 204 3964 1427 4056; baseline 0.009 -31"><span class='ocrx_word' id='word_1_272' title='bbox 204 3979 286 4044; x_wconf 90' lang='lat' dir='ltr'><strong>ram,</strong></span> <span class='ocrx_word' id='word_1_273' title='bbox 307 3968 345 4030; x_wconf 91' lang='lat' dir='ltr'><strong>nt</strong></span> <span class='ocrx_word' id='word_1_274' title='bbox 367 3964 464 4031; x_wconf 88' lang='lat' dir='ltr'><strong>etiam</strong></span> <span class='ocrx_word' id='word_1_275' title='bbox 488 3967 649 4052; x_wconf 92' lang='lat' dir='ltr'><strong>principis</strong></span> <span class='ocrx_word' id='word_1_276' title='bbox 672 3968 812 4033; x_wconf 87' lang='lat' dir='ltr'><strong>virtutes</strong></span> <span class='ocrx_word' id='word_1_277' title='bbox 836 3967 949 4035; x_wconf 88' lang='lat' dir='ltr'><strong>civiles</strong></span> <span class='ocrx_word' id='word_1_278' title='bbox 972 3988 1101 4056; x_wconf 91' lang='lat' dir='ltr'><strong>quoquo</strong></span> <span class='ocrx_word' id='word_1_279' title='bbox 1124 3969 1222 4035; x_wconf 92' lang='lat' dir='ltr'><strong>modo</strong></span> <span class='ocrx_word' id='word_1_280' title='bbox 1245 3967 1427 4055; x_wconf 87' lang='lat' dir='ltr'><strong>amplifica-</strong></span> 
     </span>
     <span class='ocr_line' id='line_1_33' title="bbox 203 4084 1426 4173; baseline 0.008 -29"><span class='ocrx_word' id='word_1_281' title='bbox 203 4087 324 4147; x_wconf 89' lang='lat' dir='ltr'><strong>rentur.</strong></span> <span class='ocrx_word' id='word_1_282' title='bbox 368 4084 419 4149; x_wconf 84' lang='lat' dir='ltr'><strong>Ao</strong></span> <span class='ocrx_word' id='word_1_283' title='bbox 447 4084 592 4168; x_wconf 93' lang='lat' dir='ltr'><strong>primum</strong></span> <span class='ocrx_word' id='word_1_284' title='bbox 623 4085 791 4153; x_wconf 90' lang='lat' dir='ltr'><strong>modicum</strong></span> <span class='ocrx_word' id='word_1_285' title='bbox 814 4087 901 4167; x_wconf 91' lang='lat' dir='ltr'><strong>eius,</strong></span> <span class='ocrx_word' id='word_1_286' title='bbox 924 4089 1010 4173; x_wconf 91' lang='lat' dir='ltr'><strong>quod</strong></span> <span class='ocrx_word' id='word_1_287' title='bbox 1033 4106 1183 4154; x_wconf 88' lang='lat' dir='ltr'><strong>annonae</strong></span> <span class='ocrx_word' id='word_1_288' title='bbox 1205 4088 1426 4154; x_wconf 90' lang='lat' dir='ltr'><strong>succurrendo</strong></span> 
     </span>
     <span class='ocr_line' id='line_1_34' title="bbox 204 4198 1429 4292; baseline 0.011 -29"><span class='ocrx_word' id='word_1_289' title='bbox 204 4198 267 4264; x_wconf 88' lang='lat' dir='ltr'><strong>sibi</strong></span> <span class='ocrx_word' id='word_1_290' title='bbox 290 4205 512 4288; x_wconf 89' lang='lat' dir='ltr'><strong>comparavit,</strong></span> <span class='ocrx_word' id='word_1_291' title='bbox 545 4205 698 4271; x_wconf 89' lang='lat' dir='ltr'><strong>meritum</strong></span> <span class='ocrx_word' id='word_1_292' title='bbox 720 4203 935 4292; x_wconf 88' lang='lat' dir='ltr'><strong>amplissimis</strong></span> <span class='ocrx_word' id='word_1_293' title='bbox 957 4204 1102 4273; x_wconf 89' lang='lat' dir='ltr'><strong>celebrat</strong></span> <span class='ocrx_word' id='word_1_294' title='bbox 1122 4203 1287 4273; x_wconf 86' lang='lat' dir='ltr'><strong>laudibus.</strong></span> <span class='ocrx_word' id='word_1_295' title='bbox 1330 4205 1429 4290; x_wconf 82' lang='lat' dir='ltr'><strong>Lagi-</strong></span> 
     </span>
     <span class='ocr_line' id='line_1_35' title="bbox 204 4319 1426 4408; baseline 0.008 -28"><span class='ocrx_word' id='word_1_296' title='bbox 204 4335 278 4384; x_wconf 91' lang='lat' dir='ltr'><strong>mus</strong></span> <span class='ocrx_word' id='word_1_297' title='bbox 301 4319 386 4386; x_wconf 90' lang='lat' dir='ltr'><strong>enim</strong></span> <span class='ocrx_word' id='word_1_298' title='bbox 409 4321 443 4389; x_wconf 94' lang='lat' dir='ltr'><strong>in</strong></span> <span class='ocrx_word' id='word_1_299' title='bbox 466 4322 639 4408; x_wconf 90' lang='lat' dir='ltr'><strong>scriptoris</strong></span> <span class='ocrx_word' id='word_1_300' title='bbox 662 4323 756 4405; x_wconf 89' lang='lat' dir='ltr'><strong>libro,</strong></span> <span class='ocrx_word' id='word_1_301' title='bbox 778 4323 940 4392; x_wconf 91' lang='lat' dir='ltr'><strong>Tiberium</strong></span> <span class='ocrx_word' id='word_1_302' title='bbox 960 4344 1065 4392; x_wconf 89' lang='lat' dir='ltr'><strong>annos</strong></span> <span class='ocrx_word' id='word_1_303' title='bbox 1086 4323 1293 4406; x_wconf 84' lang='lat' dir='ltr'><strong>undeviginti</strong></span> <span class='ocrx_word' id='word_1_304' title='bbox 1315 4332 1426 4393; x_wconf 88' lang='lat' dir='ltr'><strong>natum</strong></span> 
     </span>
    </p>
   </div>
   <div class='ocr_carea' id='block_1_3' title="bbox 1251 4494 1271 4559">
    <p class='ocr_par' dir='ltr' id='par_1_3' title="bbox 1251 4494 1271 4559">
     <span class='ocr_line' id='line_1_36' title="bbox 1251 4494 1271 4559; baseline 0 0"><span class='ocrx_word' id='word_1_305' title='bbox 1251 4494 1271 4559; x_wconf 83' lang='lat'><strong>2</strong></span> 
     </span>
    </p>
   </div>
   <div class='ocr_carea' id='block_1_4' title="bbox 0 0 1581 4764">
    <p class='ocr_par' dir='ltr' id='par_1_4' title="bbox 0 0 1581 4764">
     <span class='ocr_line' id='line_1_37' title="bbox 0 0 1581 4764; baseline 0 0"><span class='ocrx_word' id='word_1_306' title='bbox 0 0 1581 4764; x_wconf 95' lang='lat' dir='ltr'><strong> </strong></span> 
     </span>
    </p>
   </div>
  </div>
 </body>
</html>
