3150 4764
669 239 965 301 ..15-

206 430 352 497 rsguum‚
376 429 480 498 neque
502 409 575 496 plus
598 409 739 496 quinque
761 408 886 474 dierum
909 408 973 473 iter
995 407 1036 473 ub
1060 407 1203 473 bostium
1227 407 1343 474 linibus
1366 406 1424 472 ab·
1453 429 1460 444 ⁷

204 536 307 610 essct,
338 530 471 596 nuntius
494 537 545 594 est
566 526 704 604 allatus,
738 525 923 592 Pannoniae
957 531 1073 607 gentes
1097 525 1203 591 denuo
1226 545 1246 592 a
1268 524 1426 591 Romanis

204 648 363 718 defecisse
393 665 512 732 easque
540 665 613 712 cum
643 643 804 710 Dalmatis
835 644 1027 726 conjunctas
1049 646 1190 710 movisse
1214 663 1315 708 arma.
1358 641 1424 708 lta-

205 786 268 853 que
295 763 482 832 necessaria
513 762 694 850 splendidis
723 762 914 847 praeferens
942 762 1090 828 Tiberius
1121 781 1193 827 cum
1226 761 1426 827 Maroboduo

107 909 109 912 ·
205 903 317 970 pacem
340 883 414 950 iniit
436 883 492 963 (ol.
515 882 591 948 Tac.
615 899 666 946 an.
692 879 737 963 ΙΙ,
760 881 817 958 26)
841 885 874 947 et
896 879 1134 948 rebellantibus
1157 880 1278 946 bellom
1301 879 1424 946 inierro

205 1002 387 1070 constituit.

289 1119 384 1198 Quod
398 1139 494 1205 quam
510 1137 610 1203 gravo
625 1116 727 1184 fuerit
740 1123 838 1203 atque
850 1117 885 1182 in
908 1121 1064 1203 quautam
1082 1117 1259 1183 discrimen
1282 1135 1322 1184 ea
1335 1116 1425 1182 sedi-

204 1239 296 1305 tione
318 1236 414 1304 ltalia
435 1239 479 1303 sit
500 1236 677 1322 perducta,
707 1237 851 1320 maxime
879 1237 1050 1322 perspicue
1083 1235 1189 1301 elucet
1219 1254 1260 1300 ex
1282 1233 1426 1318 Augusti

204 1355 323 1438 verbis,
345 1355 461 1442 quibus
483 1374 562 1422 usus
585 1360 636 1421 est
655 1355 690 1420 in
712 1358 847 1433 senatu,
870 1374 971 1440 quum
993 1353 1282 1436 diceret,'decimo
1306 1353 1369 1434 dic,
1392 1353 1426 1418 ni

205 1479 391 1553 caveretur,
421 1493 518 1560 posse
547 1471 674 1538 hostem
704 1473 737 1537 in
770 1471 861 1539 urbis
885 1449 1024 1538 'Romae
1055 1471 1165 1538 venire
1203 1477 1426 1556 conspectum.

204 1593 294 1660 idem
316 1592 385 1658 fere
406 1597 664 1658 commemorant
686 1591 726 1654 de
749 1588 916 1658 bochello
940 1589 1116 1659 Suetonius
1143 1595 1175 1656 et
1198 1589 1258 1655 Dio
1281 1590 1424 1668 Cassius,

204 1726 340 1797 quorum
372 1712 463 1796 prior
493 1707 549 1794 (ci.
573 1709 660 1776 Suet.
685 1707 754 1775 Tib.
780 1709 834 1794 lb)
866 1709 1009 1776 omnium
1033 1719 1241 1774 externorum
1266 1707 1424 1774 bellorum

203 1835 282 1915 post
302 1826 425 1894 Punico
456 1827 517 1893 hoc
547 1828 649 1893 luisse
671 1828 901 1910 gravissimum
925 1828 1014 1905 dicit,
1038 1827 1120 1893 alter
1144 1826 1247 1893 tradit
1271 1827 1328 1905 (uf.
1352 1825 1426 1892 Dio.

203 1946 256 2028 55,
278 1947 335 2022 30)
357 1946 463 2032 ipsum
487 1943 653 2013 Tiberium
677 1945 851 2017 metuisse,
884 1966 924 2011 ne
953 1947 986 2012 in
1009 1944 1137 2011 ltaliam
1162 1965 1291 2030 quoque
1313 1944 1425 2012 hostes

204 2067 377 2132 irruerent.
420 2065 560 2161 Accedit
581 2070 618 2130 ut
639 2063 799 2130 Pannonii
821 2062 1056 2149 Delmataeque
1079 2083 1144 2128 non
1167 2062 1272 2128 solum
1292 2065 1425 2130 fortitu-

206 2184 280 2249 dine
303 2181 517 2262 excellerent,
532 2182 605 2254 „sed
627 2183 727 2248 etiam
749 2182 797 2248 rei
818 2181 971 2247 militaris
995 2189 1107 2247 essent
1131 2182 1338 2267 peritissimi,
1360 2203 1426 2270 qua

199 2302 274 2368 'arte
296 2300 495 2384 legionibus,
524 2299 641 2386 quibus
665 2298 832 2364 coniuncti
855 2319 913 2384 per
937 2299 1057 2365 multos
1082 2319 1185 2365 annos
1209 2299 1294 2365 bella
1316 2321 1426 2382 gesso-

204 2427 288 2502 rant‚
310 2419 366 2486 vix
384 2417 555 2486 cedebant.
600 2416 707 2495 Quare
722 2416 855 2484 omnino
877 2437 942 2483 non
960 2418 1093 2484 dubium
1115 2437 1188 2484 esse
1204 2417 1324 2503 potest
1348 2421 1426 2504 quin

204 2536 353 2604 Tiberius
376 2553 537 2622 oppresso
557 2535 619 2603 hac
640 2535 802 2601 seditione
824 2535 946 2620 optime
960 2536 1009 2620 de
1031 2555 1067 2600 re
1081 2536 1215 2622 pablioa
1236 2539 1280 2602 sit
1294 2556 1426 2622 prome-

204 2654 286 2722 ritus
316 2654 594 2741 dignissimnsque
622 2652 721 2720 fuerit
742 2652 926 2739 triumpho,
957 2673 1021 2740 quo
1052 2653 1223 2736 Augustus
1248 2652 1426 2734 honoravit

203 2773 339 2839 Romam
355 2791 531 2840 reversum.
576 2771 690 2857 Neque
702 2775 817 2839 tamen
829 2773 928 2838 etiam
950 2773 984 2839 in
996 2772 1057 2839 hac
1079 2772 1290 2858 expeditione
1303 2775 1427 2839 descri-

204 2891 310 2958 benda
333 2890 492 2956 Velleium
516 2889 606 2955 omui
628 2889 816 2956 adulatione
846 2909 882 2957 se
911 2890 1127 2969 abstinuisse,
1158 2911 1255 2976 quum
1287 2891 1361 2958 aliis
1384 2911 1426 2958 ox

203 3008 299 3075 robus
323 3008 410 3075 clare
432 3008 631 3095 perspicitur
651 3012 721 3074 tum
744 3029 793 3090 eo,
816 3008 1022 3094 quodetiam
1044 3028 1098 3076 res
1118 3010 1255 3092 exiguas
1276 3027 1315 3075 uo
1335 3009 1427 3075 nulla

204 3127 513 3193 commemoratione
536 3124 653 3208 dignas
674 3125 900 3193 immoderatis
914 3126 1058 3194 celebrat
1079 3126 1244 3207 laudibus,
1265 3147 1307 3194 no
1329 3127 1425 3194 'libe-

202 3245 244 3311 rii
266 3245 407 3311 virtutos
436 3243 649 3329 praedicandi
681 3245 809 3310 occasio
838 3244 1017 3311 omittatur.
1061 3246 1110 3313 Ac
1142 3245 1286 3330 primum
1317 3246 1350 3310 in
1374 3263 1425 3308 re·

203 3359 352 3430 belliouis
374 3380 474 3430 causa
485 3363 669 3429 enarranda
691 3364 833 3447 scriptor
855 3367 942 3430 certe
965 3364 1130 3430 invenitur
1143 3361 1296 3429 mendax.
1341 3363 1423 3430 Nam

202 3479 321 3548 falsum
344 3499 434 3560 osse,
461 3481 549 3569 quod
570 3483 687 3560 tradit,
712 3479 891 3548 insolentes
913 3480 1032 3564 longae
1055 3483 1146 3566 pacis
1168 3479 1265 3547 bonis
1291 3479 1423 3548 Panno·

202 3583 276 3665 nios
298 3605 418 3666 contra
438 3597 604 3665 Romanos
625 3620 717 3666 arma
739 3602 945 3686 corripuisse,
967 3601 1063 3668 testis
1086 3604 1138 3666 est
1151 3597 1224 3676 Dio,
1248 3600 1302 3684 qui
1326 3619 1424 3686 pocu-

201 3717 331 3784 niarum
360 3717 548 3784 exactiones
579 3707 675 3802 aegre
702 3720 844 3786 ferentes
866 3716 1043 3786 rebellasse
1065 3736 1121 3783 eas
1144 3721 1259 3796 gentes
1282 3735 1424 3784 comme-

202 3840 311 3902 morat
339 3835 396 3915 (ot
420 3834 481 3900 Dio
514 3836 574 3909 55,
596 3838 642 3918 9).
687 3833 775 3902 Idem
806 3835 893 3902 haud
924 3837 1022 3902 dubie
1055 3835 1209 3918 cognosci
1242 3837 1352 3921 potest
1381 3853 1423 3902 ex
1492 3911 1494 3916 ,

202 3951 321 4032 verbis,
342 3971 427 4039 quae
449 3952 579 4021 Tiberio
601 3973 734 4030 causam
757 3952 928 4021 seditionis
950 3955 1120 4039 quaerenti
1137 3952 1309 4038 respondit
1329 3951 1423 4032 Bato,

203 4071 271 4136 dux
292 4067 452 4138 hostiurn:
477 4071 582 4154 „Vos,
603 4073 727 4160 inquit,
759 4074 794 4138 in
816 4070 913 4158 culpa
934 4073 1013 4138 estis
1035 4070 1120 4158 ipsi,
1151 4071 1206 4156 qui
1229 4069 1273 4136 ad
1296 4075 1423 4137 vestros

203 4205 320 4272 greges
349 4188 580 4257 custodiendos
611 4210 678 4256 uon
699 4210 798 4258 canes
820 4195 1028 4276 pastoresve‚
1056 4187 1119 4255 'sed
1149 4189 1244 4273 lupos
1271 4188 1424 4254 mittitis‘

204 4303 262 4389 (cf.
284 4305 357 4372 Dio.
380 4299 439 4386 55,
461 4307 505 4375 33
527 4314 560 4375 et
580 4308 633 4386 56,
658 4309 723 4394 16).
768 4309 875 4375 Etiam
899 4329 983 4394 quae
1006 4308 1150 4392 scriptor
1174 4307 1291 4388 refert,
1314 4308 1424 4373 omnia
