3150 4764
121 469 124 476 .
203 431 278 498 Jam
312 455 349 501 eo
371 447 564 521 perventum
599 440 667 508 est,
698 439 736 502 ut
765 433 862 520 paulo
892 434 1078 500 accuratius
1108 435 1345 514 examinemus,

119 549 420 634 quidstatuendum
441 553 486 618 sit
507 552 678 620 deVelleii
694 571 806 618 uerum
829 549 960 618 dicendi
975 551 1085 618 studio
1108 519 1218 619 &fide
1241 550 1342 617 histo-

118 664 199 745 rica,
222 687 287 753 qua
308 669 494 738 adulterata
505 669 733 753 gravissimam
757 668 897 735 subiisse
922 668 1049 735 videtur
1062 670 1343 755 vituperationem.

118 783 169 851 Ao
191 787 332 871 primum
355 788 484 875 quidem
507 808 579 855 eum
602 806 676 854 esse
697 786 801 854 levem
824 805 933 854 rerum
956 788 1159 872 scriptorem,
1182 805 1343 873 nusquam

117 901 186 970 iere
206 903 240 969 in
262 905 361 972 rebus
383 904 580 973 enarrandis
601 897 783 972 versantem
806 904 1012 988 accuratius,
1034 903 1094 971 sed
1115 891 1153 970 in
1172 905 1343 990 superficie

118 1023 287 1107 tamquam
308 1021 515 1103 haerentem,
538 1043 636 1110 quum
660 1042 715 1103 ea,
739 1041 822 1108 quae
844 1021 965 1107 nullius
986 1023 1143 1089 momenti
1164 1021 1249 1102 sint,
1271 1027 1343 1089 am-

118 1135 276 1223 plissimis
299 1159 400 1227 saepe
414 1141 524 1210 verbis
537 1139 734 1220 conscribat,
754 1159 808 1207 res
823 1141 990 1207 mentione
1006 1139 1219 1224 dignissimas
1241 1159 1344 1226 saepe

118 1274 240 1338 magna
259 1265 433 1344 percurrat
452 1258 678 1334 festinatione,
700 1277 765 1324 non
788 1278 864 1324 raro
885 1257 1014 1325 silentio
1035 1257 1233 1344 praetereat,
1255 1257 1340 1324 mul-

119 1373 164 1438 tis
196 1393 238 1442 ex
269 1376 366 1443 rebus
398 1375 495 1444 iaclle
524 1376 728 1463 percipiatur
757 1376 846 1444 licet
888 1375 960 1444 Huc
982 1376 1164 1462 pertinent,
1193 1377 1341 1463 quaeda

117 1491 234 1559 Asinio
254 1492 425 1574 Pollione,
459 1515 554 1581 quem
578 1494 692 1578 negari
721 1512 787 1560 non
813 1498 924 1581 potest
946 1495 1051 1560 virum
1073 1513 1152 1562 sane
1174 1494 1340 1578 egregium

115 1609 235 1693 fuisse,
257 1630 318 1696 pro
340 1618 437 1680 ¹tauta
459 1611 639 1692 brevitate,
666 1632 731 1699 qua
753 1611 821 1678 alia
843 1633 882 1679 ao
904 1611 1172 1680 memorabiliora
1192 1611 1334 1698 scriptor

117 1733 251 1810 tractat,
273 1731 370 1808 nimis
384 1728 456 1797 fuse
478 1735 512 1800 et
532 1729 601 1796 late
621 1728 737 1798 multis
754 1729 839 1798 loeis
862 1735 1118 1798 commemorata
1131 1736 1208 1796 sunt
1230 1734 1241 1809 t
1245 1730 1286 1796 ci.
1300 1729 1340 1797 ΙΙ.

117 1843 170 1922 36,
191 1846 220 1911 2.
244 1844 285 1914 ll.
308 1848 359 1927 76,
379 1847 412 1915 2.
433 1847 474 1915 Π.
496 1848 569 1927 128,
590 1850 637 1928 3).
681 1846 915 1915 ldemvidetur
930 1850 1119 1934 precavisse
1142 1849 1175 1913 in
1192 1849 1339 1914 referen-

116 1961 169 2028 dis
191 1964 380 2034 muneribus
402 1984 423 2032 a
443 1965 590 2034 Munatio
620 1964 741 2032 Planco
764 1966 1023 2039 administratis.
1055 1964 1108 2030 cui
1142 1965 1210 2029 rire
1241 1965 1337 2033 rebe-

117 2081 318 2150 mentissime
331 2081 547 2162 maledicendi
559 2083 838 2169 gravissimasque
856 2081 1014 2150 afferendi
1027 2082 1225 2176 offensiones
1248 2083 1339 2150 nulla

117 2197 158 2264 ab
181 2201 227 2267 eo
242 2202 405 2270 omittitur
422 2203 553 2269 occasio
569 2202 627 2282 (cl.
649 2200 688 2269 11.
711 2202 763 2281 63,
784 2200 815 2269 3.
838 2199 877 2267 ll.
899 2201 952 2280 64,
978 2204 1006 2267 1.
1030 2201 1070 2268 11.
1093 2201 1146 2283 er,
1168 2202 1198 2267 3.
1222 2201 1263 2280 ll,
1284 2201 1336 2268 83.

15 2397 18 2406 Ι
116 2312 155 2379 11.
177 2315 230 2398 95,
251 2317 298 2403 3).
341 2321 463 2390 Contra
482 2320 570 2405 quod
593 2321 634 2388 de
655 2320 862 2389 triumviratu
885 2339 905 2385 a
928 2318 1172 2406 Pompeiorum
1197 2319 1336 2387 caesare
1462 2419 1464 2424 Δ

116 2441 149 2498 ot
170 2433 289 2503 Crasso
318 2437 400 2504 inito
429 2437 585 2522 legimus,
613 2437 697 2504 nihil
724 2440 778 2506 est
799 2438 840 2503 ad
863 2456 930 2504 rem
954 2456 1086 2520 gravem
1101 2456 1337 2524 magnamque.

116 2549 180 2616 vis
201 2552 288 2619 enim
309 2555 350 2623 de
371 2556 469 2623 rebus
491 2558 585 2624 novis
607 2576 628 2623 a
648 2555 806 2642 Pompeio
829 2555 864 2621 in
885 2555 968 2620 Asia
991 2556 1164 2633 institutis
1187 2554 1232 2622 ad
1254 2574 1336 2641 quas

116 2669 357 2739 confirmandas
378 2671 463 2740 hanc
495 2676 687 2742 societatem
717 2674 834 2740 initam
856 2691 929 2739 esse
951 2672 1093 2740 Velleius
1116 2673 1188 2761 ipso
1211 2679 1336 2757 narrat,

114 2789 311 2871 meminit,
340 2790 461 2857 nedum
483 2797 567 2878 qua'e
588 2791 711 2859 luerint
733 2789 1036 2878 expliceturpaulo
1059 2791 1191 2859 uberius
1213 2793 1270 2871 (cl.
1292 2790 1334 2858 ΙΙ.

113 2907 177 2987 44,
202 2909 218 2972 1
241 2927 273 2976 u.
294 2909 342 2991 ib
385 2909 471 2989 Quin
502 2911 623 2991 etiam,
655 2917 762 2976 utrum
794 2927 854 2976 eae
876 2910 1109 2995 comprobatae
1131 2909 1198 2977 siut
1221 2919 1336 2995 postea

115 3025 253 3092 Caesare
276 3027 411 3094 consule
430 3046 543 3108 necne,
565 3026 695 3094 silentio
710 3029 883 3095 omittitur.
927 3027 1030 3093 Simili
1047 3025 1174 3094 ratione
1191 3026 1334 3095 Velleius

115 3162 193 3211 usus
217 3145 325 3213 estin
355 3163 481 3222 rerum,
514 3165 598 3232 quas
629 3146 780 3213 Caesaris
812 3153 950 3211 mortem
981 3165 1053 3212 esse
1084 3135 1215 3212 secutas
1238 3163 1332 3212 nemo

112 3261 261 3344 ignorat,
292 3264 525 3350 descriptione.
570 3263 683 3349 Neque
705 3283 759 3329 res
781 3283 802 3330 a
823 3263 951 3330 Tiberio
974 3269 1105 3346 gestas,
1136 3283 1333 3350 quamquam

117 3380 273 3448 orationis
295 3381 545 3470 amplificandae
567 3381 677 3449 studio
698 3379 836 3450 multum
859 3381 893 3447 in
914 3380 955 3447 iis
979 3381 1151 3450 narrandis
1174 3386 1334 3465 moratur,

112 3498 211 3584 paulo
233 3499 422 3585 diligentius
445 3500 626 3587 exquisitas
655 3517 727 3568 esse
748 3497 847 3566 facile
868 3503 1015 3585 apparet.
1057 3500 1105 3565 At
1127 3498 1167 3566 de
1189 3497 1333 3582 levitate,

115 3637 209 3702 quam
232 3638 385 3703 maguam
415 3626 541 3706 partem
574 3639 615 3686 ex
638 3619 807 3686 celeritate
832 3616 1015 3700 scribendi,
1046 3597 1143 3703 qua,¹
1160 3617 1332 3703 quominus

114 3739 348 3805 accuratiorem
372 3758 480 3803 rerum
504 3737 722 3820 cognitionem
745 3735 900 3817 hauriret,
926 3737 1066 3822 scriptor
1089 3735 1333 3821 prohibebatur,

115 3858 220 3920 ortam
244 3874 316 3923 esse
338 3855 436 3924 iaoile
458 3860 508 3925 est
530 3853 572 3921 ad
594 3852 858 3938 intelligendum,
880 3855 965 3921 iuter
988 3872 1118 3933 omnes,
1148 3860 1184 3921 ut
1206 3854 1332 3940 opinor,

114 3973 199 4040 viros
221 3974 337 4044 doctos
358 3973 445 4042 idem
468 3977 605 4041 constat.

195 4091 245 4160 De
258 4091 454 4162 adulationis
478 4111 554 4160 uero
573 4089 902 4158 eriminesenteutiee
917 4088 1011 4156 valde
1025 4090 1203 4156 variantur.
1246 4086 1329 4156 Nam
1441 4149 1459 4182 ‚

113 4230 321 4298 quamquam,
343 4210 398 4298 qui
420 4211 560 4297 primum
582 4209 702 4277 Tiberii
724 4209 976 4294 descriptionum
999 4209 1032 4272 in
1053 4206 1222 4273 Velleiano
1245 4205 1330 4271 libro

113 4329 262 4414 legerint,
285 4328 347 4396 boe
369 4349 496 4417 quoque
510 4327 719 4415 opprobrium
743 4346 852 4394 verum
877 4346 948 4392 esse
970 4325 1161 4407 concedent,
1183 4322 1332 4390 nonnulli
