3150 4764
553 303 987 368 .--·27-

228 471 337 542 mitari
359 473 465 550 iussit,
497 484 529 539 et
551 473 664 540 literas
694 471 785 539 misit
806 473 847 542 ad
877 475 1039 546 exercitus
1069 483 1235 562 tamquam
1267 475 1450 560 prinoipem

227 589 309 656 inito
332 591 388 676 (ef.
411 591 487 658 Tae.
510 612 562 658 an.
587 591 612 672 Ι,
638 594 683 669 7).
726 591 834 658 Etiam
858 593 1006 660 Suetonii
1029 593 1216 662 testimonio
1240 595 1451 660 confirmatur

227 710 307 776 lraec
334 731 405 790 res,
427 711 484 796 qui
506 709 690 794 Tiberium,
721 711 873 797 quamvis
901 714 1122 800 principatum
1153 734 1258 800 neque
1289 733 1450 798 ooevrpare

226 829 416 909 confestim,
450 849 553 915 neque
583 849 680 912 agere
712 831 909 910 dubitasset,
938 831 995 898 diu
1027 837 1137 898 tamen
1165 833 1450 917 impudentissimo

224 948 324 1014 mimo
347 969 418 1014 eum
443 950 648 1014 recusavisse
669 956 782 1014 narrat
804 949 861 1034 (el.
876 951 966 1018 Suet.
982 949 1051 1018 Tib.
1069 953 1138 1032 24).
1182 950 1318 1037 Aliquid
1341 951 1449 1016 simile

224 1068 406 1134 invenimus
428 1067 518 1154 apud
542 1067 679 1134 Dionem
702 1068 759 1145 (ol.
784 1067 857 1135 Dio.
879 1071 932 1152 bl,
953 1069 1001 1152 2),
1032 1071 1085 1136 eui
1107 1071 1332 1152 assentiuntur
1353 1068 1449 1136 Taet-

225 1193 279 1252 tus
302 1188 360 1262 (nt.
382 1187 458 1252 Tae.
481 1207 534 1253 an.
560 1186 583 1266 Ι,
608 1189 657 1260 ll,
678 1189 728 1266 12,
753 1186 807 1267 13)
839 1195 871 1254 et
891 1189 1066 1256 Suetonius
1096 1190 1153 1266 (ef.
1175 1187 1263 1256 Suet.
1288 1188 1357 1256 Tib.
1379 1188 1449 1274 24),

225 1305 265 1370 de
287 1305 338 1383 iis,
361 1324 444 1391 quae
474 1308 583 1371 animo
613 1304 714 1372 volvit
736 1307 891 1394 princeps
918 1313 950 1374 et
972 1328 1055 1396 quae
1085 1307 1195 1394 palam
1222 1308 1308 1374 dixit
1331 1307 1369 1372 'in
1396 1327 1449 1374 se-

222 1431 314 1490 nato.
357 1425 559 1511 Quamquam
584 1425 668 1492 euim
685 1425 867 1510 apatribus
884 1427 1053 1512 petiverat,
1075 1434 1111 1492 ut
1127 1445 1206 1512 pars
1229 1425 1449 1512 reipublicae

222 1543 284 1610 sibi
307 1543 536 1621 mandaretur,
568 1563 665 1629 quum
696 1563 761 1608 non
790 1563 851 1629 par
878 1551 966 1612 esset
995 1564 1142 1612 summae
1170 1564 1298 1625 rerum,
1328 1565 1449 1626 magna

222 1669 332 1731 tamen
354 1663 404 1727 ira
427 1670 609 1728 commotus
634 1654 683 1728 ¹est
705 1664 738 1727 in
760 1663 915 1730 Asinium¹
935 1663 1082 1743 Gallum,
1105 1665 1177 1750 qui,
1199 1683 1295 1750 quam
1318 1669 1447 1748 partem

221 1779 284 1846 sibi
317 1781 466 1846 mandari
499 1779 615 1854 vellet,
647 1782 892 1878 interrogasset.
936 1781 1014 1847 Item
1045 1782 1080 1860 Q.
1103 1781 1258 1848 Haterius
1286 1788 1320 1849 et
1347 1781 1447 1848 Mam.

222 1898 365 1964 Scaurus
387 1919 585 1985 magnopere
607 1899 772 1966 Tiberium
796 1899 1010 1979 offenderunt,
1032 1921 1130 1986 quum
1153 1901 1195 1966 ad
1218 1920 1349 1967 sensum
1375 1901 1447 1987 opi-

221 2017 417 2104 nionemque
440 2020 508 2084 eius
532 2029 703 2105 penetrare
722 2018 919 2088 viderentur.
962 2018 1024 2086 Est
1044 2019 1146 2102 igitur
1162 2040 1222 2106 pro
1246 2025 1337 2084 nerto
1360 2019 1446 2084 altir-

220 2138 387 2218 mandum‚
411 2137 580 2215 Velleiom,
603 2139 658 2223 qui
682 2157 720 2204 ea
742 2141 782 2204 de
805 2159 905 2208 rausa
917 2137 1083 2204 Tiberium
1103 2139 1250 2205 remrisse
1259 2137 1445 2224 ‚imperium

220 2255 347 2334 scribit,
370 2257 455 2342 quod
479 2256 650 2322 maluisset
673 2257 840 2342 aequalem
872 2258 975 2324 civem
1000 2277 1097 2344 quam
1126 2256 1307 2343 prinoipem
1337 2276 1446 2339 agere,

220 2374 323 2439 afide
347 2374 515 2456 historica,
538 2395 603 2460 qun
625 2374 706 2439 nibil
731 2376 886 2461 scriptori
910 2376 1057 2442 sanetius
1081 2395 1153 2441 esse
1174 2375 1281 2452 debet,
1310 2395 1445 2462 prorsus

219 2492 404 2559 abhorrere.
449 2495 572 2560 Contra
602 2494 635 2558 in
664 2493 722 2571 iis,
754 2513 838 2579 quae
868 2496 908 2562 de
929 2494 1052 2562 Tiberii
1081 2493 1279 2559 liberalitate
1304 2493 1446 2580 scriptor

218 2612 319 2677 refert
342 2611 401 2692 (of.
425 2614 495 2690 130,
521 2617 547 2678 l.
569 2612 615 2695 2),
648 2613 782 2677 vitiatae
810 2613 885 2678 iidei
915 2618 1053 2679 nonest
1082 2610 1316 2699 inculpandus,
1345 2632 1444 2697 quum

218 2730 274 2796 alii
297 2750 425 2818 quoque
449 2730 595 2819 historioi
625 2729 902 2798 non·dissideaut
925 2730 966 2798 ab
989 2751 1037 2796 eo.
1081 2729 1212 2797 Etenim
1241 2730 1272 2797 si
1294 2729 1444 2796 Tacitum

218 2855 385 2916 auctorem
415 2833 596 2936 sequimur,
629 2869 693 2913 non
721 2848 855 2914 dubium
887 2854 953 2928 est,
984 2851 1062 2936 quin
1090 2848 1239 2915 Tiberius
1271 2849 1445 2930 magnilica

217 2988 348 3054 semper
369 2970 403 3035 in
425 2966 591 3053 publicum
615 2966 788 3049 largitione
819 2987 897 3033 usus
925 2967 970 3036 sit
991 2967 1195 3052 libenterque
1223 2973 1260 3034 ut
1287 2968 1443 3052 prodigos

217 3095 251 3152 et
271 3086 312 3152 ob
335 3088 460 3170 flagitia
481 3095 613 3168 egentes
635 3106 743 3171 poena
772 3083 918 3154 affecerit
945 3087 992 3154 ita
1022 3084 1191 3152 honestam
1221 3086 1442 3152 innocentium

217 3214 443 3292 paupertatem
467 3203 625 3270 levaverit
647 3206 702 3276 tet.
726 3202 802 3270 Tae.
826 3226 877 3270 an.
900 3203 941 3286 II,
961 3205 1033 3274 48).
1076 3205 1197 3286 Magna
1218 3205 1376 3291 quadam,
1406 3205 1450 3270 ut'

217 3323 402 3410 exemplum
425 3321 570 3404 afferam,
592 3323 683 3388 urbis
706 3332 799 3408 parte
820 3323 969 3390 incendio
992 3321 1165 3388 devastata
1185 3323 1365 3408 imperator
1382 3323 1442 3389 tri-

217 3442 354 3508 buendis
386 3444 532 3529 pecuniis
564 3441 695 3528 inopiae
720 3442 870 3528 publicae
899 3441 1029 3508 obstitit
1057 3441 1115 3525 (ol.
1136 3440 1213 3508 Tae.
1237 3460 1289 3508 an.
1312 3439 1367 3523 lV,
1388 3441 1440 3507 64.

216 3561 307 3627 Suet.
328 3561 397 3628 Tib.
419 3564 472 3627 48.
489 3559 569 3653 Dio.
591 3559 644 3642 b8,
666 3560 732 3644 26).
777 3561 922 3627 Similem
948 3560 999 3630 vel
1022 3559 1177 3626 maiorem
1206 3557 1440 3626 liberalitatem

215 3679 364 3745 Tiberius
385 3682 562 3766 praestitit.
584 3700 681 3767 quum
706 3679 878 3746 duodecim
900 3678 1000 3750 Asiae
1022 3677 1122 3744 urbes
1150 3684 1309 3744 nocturno
1334 3683 1441 3742 terrae

215 3807 307 3864 motu
338 3799 503 3884 collapsae
536 3805 647 3866 essent
676 3796 732 3884 (et.
755 3798 831 3864 Tan.
861 3817 914 3864 an.
936 3795 976 3877 ΙΙ,
996 3797 1049 3863 47.
1079 3795 1162 3862 Plio.
1186 3795 1224 3862 N.
1246 3793 1277 3860 H
1311 3794 1351 3892 ll,
1373 3795 1439 3879 Sl).

215 3915 339 3984 lllultos
361 3937 490 4005 quoque
515 3925 685 3986 senatores
708 3925 806 4004 atque
829 3917 967 4004 equites,
988 3917 1042 4001 qui
1066 3913 1156 3980 nulla
1179 3913 1314 4000 propria
1343 3911 1441 3998 eulpa

213 4037 248 4102 in
270 4043 415 4118 egestate
445 4043 548 4116 erant,
579 4035 795 4104 libentissime
825 4037 919 4102 auxit
947 4033 1105 4121 peeunia,
1135 4039 1170 4099 ut
1192 4049 1251 4118 pro
1281 4031 1440 4114 dignitate

214 4174 277 4220 sua
304 4157 413 4224 vivere
443 4159 579 4242 possent
609 4153 667 4242 (ei.
690 4155 767 4224 Tae.
789 4174 842 4222 an.
865 4133 1263 4238 introeuntium.
1292 4149 1364 4216 Dio.
1386 4149 1439 4253 57,

216 4275 282 4356 10).
327 4273 416 4353 Quae
439 4294 537 4360 quum
560 4274 609 4342 ita
630 4293 666 4340 se
688 4272 843 4355 habeant,
871 4292 975 4359 neque
999 4271 1039 4338 de
1061 4270 1122 4337 hae
1144 4267 1352 4354 imperatoris
1374 4267 1440 4334 vir·

213 4398 283 4459 tute
305 4414 408 4479 neque
430 4393 471 4459 de
497 4391 614 4460 Velleii
637 4391 700 4459 fide
723 4397 832 4479 potest
853 4389 1009 4458 dubitari.
1053 4385 1154 4456 Aliud
1185 4407 1262 4456 vero
1292 4391 1439 4453 statuen-

1425 4693 1552 4736 Α
