3150 4764
579 228 874 292 ..10-

116 401 219 468 fuisse
235 405 375 480 constat,
395 400 491 467 homo
513 419 534 466 a
551 401 713 486 scriptore
725 405 862 466 uocatur
882 400 917 466 in
938 401 1217 487 omniapeeuniae
1238 373 1343 486 quant.

116 528 207 600 recte
226 518 369 586 faciendi
392 518 550 604 cupidior.
595 516 731 596 Quantis
753 539 829 586 uero
851 516 1003 585 laudibus
1017 517 1138 586 Tiberii
1158 520 1338 601 familiares

117 641 268 721 exornet,
299 636 412 703 multis
436 636 614 722 exemplis,
644 655 727 723 quae
756 655 911 704 enarrare
933 635 1088 704 hocloco
1110 636 1336 704 necessarium

116 760 270 838 nonest,
301 756 344 823 ad
367 754 565 822 evidentiam
588 761 691 842 patet.
736 754 842 834 Quare
862 755 969 838 magis
990 754 1074 834 illis,
1096 756 1153 842 qui
1176 754 1337 822 Velleinm

115 893 181 942 non
208 874 311 944 solum
344 871 449 940 levem
472 877 638 940 auctorem
663 893 751 952 esse,
773 871 834 942 sed
855 874 955 940 etiam
976 873 1182 952 adulatorem,
1203 879 1336 946 eonten-

115 992 215 1075 duut,
237 1012 334 1078 quarn
357 990 607 1057 defendentibus
630 1012 702 1058 eum
726 1011 920 1078 quacunque
941 992 1068 1058 rationo
1091 967 1335 1060 assentiendum

114 1129 185 1177 esso
207 1111 359 1190 arbitror,
379 1129 572 1196 quamquam
595 1108 743 1176 hocloco
766 1109 897 1177 silentio
911 1115 1137 1196 praetereatur
1158 1108 1333 1191 nonlicet,

113 1227 260 1294 nonnihil
283 1229 435 1295 excusari
456 1228 662 1313 scriptorem,
677 1187 770 1312 lpnod
783 1228 925 1294 sedecim
946 1231 1077 1294 tantum
1099 1223 1225 1315 priores
1236 1227 1333 1297 'libe-

113 1346 199 1413 riani
220 1347 350 1434 imperii
371 1366 471 1412 nonos
494 1345 527 1410 in
548 1344 632 1411 libro
656 1365 715 1411 suo
728 1351 870 1426 enarrat,
893 1344 1011 1432 quibus
1033 1365 1069 1412 re
1092 1339 1169 1413 vera
1190 1347 1332 1431 impera·

113 1470 166 1531 tor
189 1486 254 1531 non
274 1463 393 1540 semel,
422 1464 479 1529 sed
502 1481 602 1548 saepo
624 1463 665 1528 de
687 1481 723 1529 re
745 1461 877 1549 publica
898 1463 1034 1529 meritus
1064 1469 1125 1530 est.
1168 1463 1333 1551 Imprimis

111 1586 224 1649 autem
254 1581 472 1648 adulatorium
505 1581 575 1647 eius
604 1582 772 1664 ingenium
799 1580 938 1664 intelligi
960 1584 1072 1667 potest
1092 1581 1134 1648 iis
1155 1581 1254 1664 locis,
1276 1583 1332 1668 qui

112 1699 282 1786 adipsum
305 1699 469 1766 Tiberium
499 1699 657 1778 attinent,
685 1698 726 1764 de
749 1718 812 1785 quo
835 1700 906 1767 viro
928 1701 976 1767 ita
997 1699 1191 1768 examinabo
1214 1698 1332 1769 Velleii

111 1817 284 1900 iudicium,
315 1823 353 1884 ut
375 1818 517 1903 primum
551 1816 592 1882 de
612 1816 735 1884 'liberii
756 1818 878 1886 virtute
899 1818 1113 1910 imperatoria
1135 1837 1250 1902 egam,
1273 1817 1331 1888 de·
1355 1832 1356 1835 ’

110 1937 204 2016 iude,
235 1955 318 2021 quoe
349 1937 488 2018 gesserit
516 1936 552 2001 in
580 1933 844 2002 administranda
870 1936 1081 2022 republica,
1105 1953 1331 2024 exponamus.

110 2055 251 2142 denique
273 2055 457 2122 examinem
482 2056 583 2118 vitam
606 2070 777 2140 moresque
799 2053 878 2120 eius.

136 2163 138 2168 ’
193 2171 269 2239 dam
292 2172 334 2239 iis
355 2171 483 2251 verbis,
512 2170 629 2256 quibus
651 2169 817 2237 Tiberium
839 2172 982 2259 scriptor
1009 2173 1189 2240 introducit
1210 2171 1269 2253 (cf.
1289 2170 1328 2240 ll.

109 2292 167 2372 94,
191 2293 243 2374 1),
275 2292 414 2374 gratiam
444 2289 621 2376 quaerendi
643 2289 790 2356 studium
813 2288 902 2357 hand
925 2288 1101 2360 difficulter
1121 2290 1328 2374 intelligitur.

108 2409 194 2476 Nam
216 2412 268 2476 tot
288 2409 454 2496 tantisque
483 2428 555 2473 enm
578 2408 681 2474 fuisse
703 2406 785 2479 dicit
806 2413 957 2474 ornatum
981 2414 1013 2476 et
1034 2409 1136 2476 animi
1157 2415 1190 2476 et
1211 2428 1328 2494 corpo·

107 2527 155 2594 rie
177 2526 364 2605 virtutibus,
387 2533 439 2604 ut,
462 2525 567 2612 qualis
590 2530 705 2612 postea
725 2526 821 2602 foret,
844 2546 939 2592 nemo
961 2526 1190 2610 ignoravisset.
1234 2525 1332 2608 Quod

108 2664 304 2732 quamquam
328 2643 439 2729 aliqua
460 2664 501 2709 ex
523 2651 617 2730 parto
640 2663 753 2710 verum
775 2663 848 2711 csse
870 2647 1009 2724 constat,
1030 2644 1118 2711 aliud
1134 2650 1244 2711 tamen
1266 2650 1327 2728 est,

106 2766 141 2830 in
164 2785 226 2850 quo
250 2762 455 2828 offendimur.
500 2761 588 2828 Nihil
620 2763 707 2829 enim
740 2761 911 2844 devitiis,
934 2782 1017 2849 quae
1037 2764 1205 2846 Augustus
1227 2781 1328 2848 saepe

106 2883 195 2970 apud
217 2888 366 2948 senatum
396 2884 429 2945 et
450 2879 605 2967 populum
629 2899 788 2946 excusare
810 2880 950 2946 tentavit
972 2882 1029 2958 (ci.
1053 2881 1141 2948 Suet,
1163 2879 1235 2946 Tib.
1256 2879 1327 2961 68),

106 3000 201 3068 affert
223 2998 382 3080 Velleius,
414 2999 472 3064 sed
504 2997 635 3064 silentio
667 3017 706 3065 ea
734 2997 937 3084 praeteriens
959 3000 1096 3066 uirtutes
1119 3005 1244 3064 tentum
1268 3019 1326 3066 ex·

105 3116 203 3185 tollit.
247 3116 372 3182 Eodem
405 3120 573 3202 spectant,
604 3137 687 3203 quae
716 3117 750 3183 in
781 3115 992 3182 sublevandis
1021 3117 1069 3183 rei
1090 3115 1325 3184 frumentariae

105 3235 350 3304 difficultatibus
382 3235 422 3301 de
452 3234 575 3301 Tiberii
604 3235 730 3301 meritis
761 3233 910 3315 legimus.
955 3233 1135 3320 Praecipue
1164 3255 1259 3316 vero,
1287 3241 1325 3302 ut

104 3359 180 3420 utar
213 3353 347 3433 ordine,
376 3373 471 3440 quem
493 3350 592 3439 paulo
616 3359 691 3419 ante
713 3353 870 3438 exposui,
892 3353 996 3419 virtus
1017 3353 1233 3439 imperatoria
1254 3372 1324 3420 am·

104 3472 262 3560 piissimis
287 3470 395 3537 verbis
419 3470 610 3547 celebratur,
632 3472 724 3538 cuins
735 3473 877 3557 primum
900 3471 1043 3556 Augusti
1057 3469 1228 3558 privignus
1249 3490 1324 3556 spe·

104 3594 210 3659 cimen
232 3589 336 3658 edidit
367 3590 400 3655 in
424 3589 620 3676 provinciis,
649 3609 733 3675 quae
765 3600 841 3656 sunt
871 3590 932 3658 sub
955 3590 1097 3671 oriente,
1119 3588 1320 3656 ordinandis.

105 3712 176 3789 Qua
196 3710 230 3777 in
251 3729 307 3788 re,
339 3709 368 3774 si
391 3707 513 3775 Velleio
536 3707 592 3786 (of.
616 3707 657 3774 ll.
679 3710 738 3790 94,
760 3709 795 3783 2)
819 3692 952 3776 auctore
983 3711 1032 3774 uti
1055 3707 1149 3787 licet,
1181 3721 1246 3778 non
1269 3714 1322 3777 est

103 3829 256 3906 dubium,
287 3827 365 3912 quin
389 3827 512 3913 optime
535 3825 575 3892 de
597 3825 816 3893 Romanorum
840 3827 1029 3914 republica
1051 3827 1200 3896 Tiberius
1222 3829 1321 3896 meri·

104 3953 156 4012 tus
178 3946 223 4014 sit
244 3952 277 4013 et
299 3944 426 4028 omnia,
456 3964 539 4032 quae
561 3947 683 4028 egregii
706 3946 799 4012 ducis
821 3945 905 4028 sint,
936 3946 1148 4032 praestiterit.
1191 3945 1320 4013 Etenim

102 4084 168 4130 non
200 4061 305 4130 solum
337 4084 408 4130 enm
432 4064 648 4130 Artavasdem
671 4065 705 4129 in
728 4066 902 4131 Armeniae
924 4085 1043 4149 regno,
1072 4071 1243 4151 postquam
1268 4085 1318 4131 re-

103 4184 234 4252 ductum
259 4186 309 4248 est
331 4183 364 4248 in
389 4183 500 4268 populi
523 4183 662 4248 Romani
685 4188 894 4268 potestatem,
918 4182 1098 4250 collocasse
1114 4189 1236 4265 narrat,
1258 4179 1318 4248 sed

102 4303 208 4386 ipsum
232 4297 425 4368 Parthorum
449 4319 559 4386 regem
583 4302 653 4368 eius
668 4299 758 4367 fama
778 4303 925 4369 territum
948 4300 1070 4369 liberos
1092 4319 1170 4368 suos
1193 4301 1234 4368 ad
1249 4301 1317 4368 Au·
