3150 4764
110 410 172 476 pro
193 392 376 478 approbata
399 393 605 478 acciperent,
628 413 691 458 non
716 398 781 472 est,
805 393 890 478 quod
914 392 1019 478 ipsius
1041 376 1162 459 Tiberii
1187 394 1334 482 complu·

109 529 162 576 res
185 511 353 577 exstitisse
369 509 558 577 defensores
576 512 744 578 miremur.
787 511 836 576 Ac
859 510 1001 596 primum
1025 510 1154 597 quidem
1170 512 1334 594 Montaig-

108 627 192 707 nius,
212 626 446 709 Bucbbolzius,
467 629 686 711 Kruegeriua
708 629 911 711 Sieversius,
933 628 1062 712 Ihoius,
1084 630 1277 698 Merivalius
1300 632 1333 695 in
1372 629 1375 635 '

110 765 147 814 eo
170 746 442 823 elaboraverunt,
473 755 510 815 ut
531 747 618 813 hunc
640 747 870 833 imperatorem
894 766 915 812 a
935 745 1168 826 simulatione,
1190 730 1334 815 'crudeli-

110 868 179 931 tate
206 864 280 931 aliis
310 865 464 948 flagitiis,
493 885 575 950 quae
605 865 701 946 uulgo
733 865 763 932 ei
798 869 970 932 vectantur
998 865 1148 948 crimini,
1179 865 1334 932 detende-

109 987 192 1050 rent.
236 982 320 1050 Prae
343 984 459 1050 ceteris
482 1002 559 1050 vero
573 980 744 1070 Adolpbus
760 983 921 1050 Stabiiirs'
935 989 968 1050 et
988 984 1177 1050 Ludovicus
1196 985 1334 1070 Freyta-

108 1102 181 1184 gius
204 1099 274 1166 eius
297 1102 512 1187 patrocinium
541 1122 583 1167 ne
605 1103 715 1168 dicam
743 1094 965 1168 laudationem
987 1107 1223 1189 susceperunt,
1253 1122 1334 1190 quo-

103 1203 180 1285 rum
201 1219 293 1306 prior
313 1224 351 1285 nt
373 1217 490 1287 Velleii
511 1220 668 1287 iudicium
685 1220 825 1306 probare
849 1239 987 1306 eumque
1010 1227 1140 1287 cautum
1162 1241 1201 1287 ae
1223 1222 1333 1308 provi-

109 1337 185 1403 dum
209 1337 416 1422 scriptorem,
438 1338 490 1405 cni
512 1336 640 1404 assensi
661 1337 833 1405 sintmulti
855 1336 1053 1425 aequalium,
1074 1334 1244 1404 nominare
1267 1357 1333 1405 non

109 1454 254 1536 dubitet,
283 1456 331 1521 ita
361 1456 509 1522 Tacitum
532 1457 668 1541 eiusque
697 1455 843 1522 asseclas
868 1455 968 1522 nimis
992 1456 1143 1524 tristibus
1167 1456 1333 1548 coloribus

108 1575 143 1639 in
166 1573 286 1640 Tiberii
307 1574 449 1657 imagine
474 1573 657 1656 effingenda
678 1593 851 1644 usosesse
873 1573 1033 1654 affirmat,
1057 1564 1141 1641 alter
1165 1575 1332 1642 Tiberium

109 1691 291 1780 magnificis
311 1689 463 1758 laudibus
484 1691 711 1778 prosequitur,
741 1693 796 1778 qui
819 1691 860 1758 ob
884 1711 1006 1774 magna
1027 1693 1061 1759 in
1082 1692 1245 1779 populum
1268 1693 1332 1760 Ro-

108 1829 240 1876 mannm
264 1811 381 1876 merita
403 1812 536 1896 optimis
554 1811 698 1876 omnium
721 1815 864 1876 aetatum
881 1810 1086 1896 principibus
1109 1813 1152 1878 sit
1174 1813 1331 1877 adnume-

108 1927 256 1997 randus·
284 1927 402 2010 Quare,
424 1948 521 2013 quum
545 1926 629 1994 duae
651 1928 783 1993 omnino
807 1929 990 1996 sententiae
1013 1930 1100 1995 inter
1123 1948 1157 1995 se
1174 1933 1332 2016 pugnent,

109 2045 225 2136 Velleii
248 2047 288 2112 do
316 2045 512 2132 imperatore
545 2046 675 2112 Tiberio
702 2046 857 2111 iudicium
891 2047 1098 2118 examinetur
1127 2047 1197 2112 sine
1227 2048 1278 2113 ira
1299 2050 1333 2114 et

108 2163 219 2230 studio
250 2183 384 2231 necesse
406 2183 477 2230 esse
506 2163 604 2230 facile
626 2163 830 2247 intelligitur.
875 2162 913 2230 ld
928 2183 1011 2243 ,uero
1035 2169 1073 2230 ut
1095 2164 1156 2231 bae
1184 2166 1332 2251 disputa·

108 2283 196 2349 tione
219 2281 346 2349 efficere
367 2283 505 2368 possim,
526 2300 631 2368 neque
652 2281 738 2358 illis,
760 2284 814 2369 qui
837 2281 1002 2349 Tiberium
1023 2284 1169 2349 omniurn
1191 2282 1329 2368 probro-

108 2419 181 2466 rum
204 2405 409 2486 compertum
431 2419 502 2466 esse
527 2404 670 2482 censent,
691 2420 796 2488 neque
818 2399 1045 2467 laudatoribus
1068 2401 1137 2470 eius
1151 2402 1333 2474 assentien-

110 2516 188 2584 dum
210 2538 281 2585 esse
303 2517 461 2596 arbitror,
494 2515 553 2584 sed
575 2517 716 2583 mediam
741 2519 905 2603 quandam
927 2520 1015 2584 viam
1030 2513 1239 2605 'persequens
1263 2520 1331 2592 sin·

108 2634 212 2720 gulos,
235 2635 352 2722 qulbus
374 2636 415 2702 de
437 2635 498 2701 boc
520 2633 741 2700 Romanorum
764 2636 963 2722 imperatore
989 2635 1132 2704 Velleius
1155 2636 1261 2704 tradit
1282 2636 1332 2704 lo·

110 2755 168 2836 cis,
189 2754 288 2840 paulo
311 2753 441 2819 uberius
464 2771 628 2838 exponere
651 2771 777 2820 mecum
802 2755 964 2823 constitui..

194 2871 238 2938 M.
261 2871 421 2940 Velleium
443 2869 661 2951 Paterculum‚
684 2878 720 2938 ut
742 2871 783 2938 ab
802 2871 870 2938 eius
893 2870 1050 2939 facultate
1072 2891 1186 2938 verum
1200 2872 1333 2940 dicendi

109 2992 141 3056 in
164 2988 226 3056 hac
258 2988 451 3075 quaestione
481 2989 651 3069 exordiar,
684 3009 724 3056 ex
745 2988 868 3056 'liberii
890 2990 1007 3055 aetatis
1029 2990 1248 3075 scriptoribus
1272 3010 1333 3077 op·

108 3109 188 3198 time
219 3115 309 3174 certa
340 3108 501 3194 quaedam
534 3107 576 3173 de
600 3105 661 3174 hoo
692 3109 891 3193 imperatore
912 3108 1089 3176 memoriae
1120 3115 1332 3193 posterorum

108 3226 241 3294 tradere
261 3225 426 3312 potuisse,
448 3223 546 3291 facile
568 3231 679 3310 potest
701 3222 851 3308 intelligi.
895 3223 969 3311 lpse
992 3224 1078 3291 enirn
1102 3224 1143 3292 de
1166 3227 1237 3294 vita
1260 3246 1333 3308 sua,

108 3363 205 3431 quam
226 3342 414 3410 Priscianus
437 3350 470 3411 et
491 3341 670 3409 scholiasta
690 3342 816 3409 Lucani
838 3343 979 3409 strictim
1002 3345 1230 3410 tantummodo
1253 3346 1332 3412 atti·

108 3467 235 3546 gerunt,
257 3462 292 3528 in
314 3461 452 3528 historia
472 3461 621 3528 Romana
642 3460 760 3544 multa,
783 3482 823 3526 en
846 3460 964 3546 quibus
987 3461 1020 3527 id
1044 3469 1199 3547 apparet,
1221 3463 1332 3548 copio-

109 3581 240 3647 sissime
268 3583 391 3646 narrat.
430 3579 513 3662 ¹(lua
543 3580 579 3646 in
609 3578 825 3658 describenda
853 3580 993 3665 primurn
1026 3581 1220 3646 mentionem
1250 3581 1332 3648 tacit

109 3697 346 3786 stipendiorum
368 3697 507 3778 illorum,
529 3717 613 3790 quae
636 3699 679 3764 sit
700 3697 836 3763 meritus
859 3697 894 3763 in
917 3694 1058 3762 Thracia
1073 3696 1331 3784 Macedoniaque

111 3817 168 3903 (ef.
191 3814 229 3880 ΙΙ.
257 3817 328 3897 103,
352 3819 406 3903 3).ι
441 3815 489 3883 Ibi
512 3822 685 3902 postquam
698 3814 742 3880 Μ.
767 3815 889 3882 Vinicii
910 3823 1007 3901 patre
1026 3821 1059 3882 et
1079 3814 1114 3881 P.
1138 3814 1216 3881 Silio
1240 3815 1331 3883 daei·

111 3936 170 4002 bus
192 3933 318 4001 tribuni
339 3933 482 4001 militum
514 3931 653 4016 gradum
684 3931 823 4018 adeptus
847 3937 914 4012 est,
936 3935 968 3998 in
993 3933 1108 4019 Syriae
1128 3934 1331 4018 provinciam

109 4059 240 4120 secutus
263 4050 298 4118 Ο.
321 4051 510 4130 Gaesarem,
545 4069 640 4136 quem
674 4069 745 4116 cum
764 4047 971 4120 ‚Parthorum
995 4069 1073 4132 rege
1096 4052 1131 4116 in
1152 4049 1331 4138 Euphratis

107 4171 250 4236 fluminis
271 4167 380 4242 insula
400 4168 648 4236 convenientem
670 4167 781 4233 videre
804 4167 835 4233 ei
857 4167 1012 4250 contigit,
1034 4187 1187 4250 magnam
1210 4168 1331 4255 permi-

107 4287 217 4370 gravit
243 4286 345 4354 Asiae
375 4289 474 4374 atque
504 4285 654 4371 Europae
681 4288 822 4369 partem.
866 4282 967 4352 Paulo
999 4290 1076 4370 post
1098 4287 1256 4352 acerrimo
1280 4288 1327 4354 illi
