3150 4764
600 225 895 289 ..12-

137 398 333 482 specimina,
366 415 405 462 ex
428 397 539 462 multis
562 397 777 478 testimoniis,
808 413 892 480 quae
914 395 1055 462 afferunt
1076 396 1132 462 alii
1158 417 1284 484 quoque
1307 420 1358 466 re·

136 534 209 580 rum
232 515 428 600 scriptores,
460 513 559 580 facile
582 513 800 578 demonstrari
822 518 931 598 potest
954 513 1011 602 (cf.
1036 515 1125 582 Suet.
1151 517 1220 582 Tib.
1243 518 1274 585 9.
1296 517 1357 584 Dio

135 634 196 716 54,
218 633 269 696 31.
292 633 351 712 54,
374 631 425 696 34.
450 631 520 700 Liv.
544 651 592 717 ep.
619 631 706 716 139).
749 630 858 697 Etiam
883 652 923 698 ex
949 652 988 698 aa
1009 653 1045 698 re
1067 632 1129 700 hoc
1152 654 1263 700 verum
1279 635 1359 702 ¹esse

137 751 261 834 clucet,
293 751 379 836 qnod
407 768 467 834 per
499 749 683 833 quindecim
715 767 818 814 annos
847 749 970 816 nullam
995 751 1110 818 contra
1135 751 1357 823 Romanorum

134 869 400 959 imperium-eac
431 872 543 950 gentes
573 868 724 932 fecerunt
754 867 974 934 rebellionem.
1025 871 1179 936 Attamen
1212 871 1357 938 dubitari

134 1009 200 1054 uon
223 992 341 1072 potest,
365 985 441 1071 quin
465 983 608 1052 Velleius
631 987 663 1050 in
686 985 917 1070 praedicandis
929 985 1054 1054 Tiberii
1076 989 1199 1053 meritis
1223 989 1357 1055 modum

135 1107 321 1186 excesserit,
345 1103 465 1190 quippe
488 1122 600 1188 quum,
620 1124 661 1170 ne
683 1101 884 1189 triumphum
907 1111 1020 1188 ageret
1040 1107 1081 1172 de
1104 1105 1262 1189 hostibus,
1283 1105 1356 1192 ipse

134 1223 302 1307 Augustus
326 1223 489 1303 obstaret,
512 1223 568 1288 sed
592 1222 818 1287 tantummodo
842 1224 1037 1290 concederet
1058 1229 1095 1289 ut
1117 1243 1218 1290 ovans
1240 1225 1354 1292 urbem
1434 1225 1441 1240 '

134 1344 362 1425 ingrederetur
395 1342 451 1426 (cf.
474 1339 547 1406 Dio.
578 1341 638 1418 54,
667 1339 736 1424 31).
789 1338 891 1406 Simul
921 1339 1177 1408 obliviscendum
1209 1363 1275 1409 non
1305 1347 1355 1410 est

129 1461 199 1544 jam
223 1464 319 1526 antea
331 1457 518 1526 Pannonios
531 1457 767 1544 Delmatasque
790 1478 810 1524 a
831 1457 876 1524 M.
889 1459 1039 1546 Agrippa
1062 1459 1119 1542 (oi.
1136 1460 1198 1526 Dio
1221 1460 1273 1539 54,
1295 1459 1353 1545 28)

133 1584 166 1644 et
188 1580 223 1646 P.
249 1577 329 1644 Silio
353 1576 411 1658 (cf.
434 1575 505 1641 Dio.
529 1575 589 1656 54,
611 1576 668 1661 20)
699 1596 804 1662 paene
836 1597 908 1644 esse
940 1577 1122 1658 subiectos,
1156 1597 1354 1665 quamquam

133 1696 277 1763 Velleius
300 1695 419 1762 bellum
444 1692 485 1759 ab
506 1691 658 1779 Agrippa
679 1698 711 1760 et
741 1693 786 1760 Μ.
811 1694 961 1774 Vinicio,
991 1716 1085 1782 quem
1118 1701 1355 1764 commemorat

60 1837 61 1842 ¹
131 1835 192 1902 pro
214 1813 250 1882 P.
271 1813 364 1888 Silio,
385 1809 573 1878 inchoatum
595 1817 722 1879 tentum
745 1832 851 1899 neque
873 1815 1055 1899 perfectum
1078 1833 1151 1882 esse
1172 1820 1297 1882 narrat.

216 1933 282 2015 Ea,
304 1951 388 2018 quae
417 1929 515 2016 paulo
549 1935 625 1997 ante
656 1929 696 1996 de
727 1931 829 1998 nimia
858 1931 974 1998 Velleii
999 1934 1250 2018 exsuperatione
1266 1932 1354 2018 dixi,

133 2053 233 2119 etiam
255 2051 290 2116 in
311 2051 437 2135 primae
466 2045 588 2115 Tiberii
618 2048 839 2134 expeditionis
862 2049 1078 2118 Germanicae
1099 2051 1352 2138 descriptionem

134 2170 268 2252 cadunt,
292 2167 383 2235 cuius
407 2166 510 2232 moles
533 2163 694 2232 translata
717 2173 769 2233 eat
790 2166 833 2231 ad
856 2188 928 2234 oum
942 2166 1050 2235 Druso
1073 2168 1176 2236 fratre
1197 2169 1353 2236 defuneto

132 2289 190 2363 (cf.
212 2287 251 2354 ll.
274 2288 333 2366 97,
364 2287 410 2368 4).
456 2284 527 2363 Qua
558 2285 592 2350 in
625 2285 861 2366 examinanda,
892 2306 988 2371 quum
1011 2287 1127 2370 negari
1148 2307 1215 2353 non
1235 2287 1352 2374 possit,

131 2407 297 2474 Tiberium
318 2404 423 2472 fuisse
446 2403 611 2484 egregium
633 2404 766 2482 ducem,
797 2403 871 2480 illa,
904 2425 987 2491 quae
1016 2407 1056 2472 de
1085 2406 1208 2471 virtute
1231 2410 1264 2472 et
1284 2404 1352 2472 for·

131 2530 213 2591 tuna
237 2523 306 2590 eius
331 2521 428 2588 affert
450 2521 601 2607 scriptor,
623 2521 731 2608 aliquo
753 2523 851 2588 modo
875 2522 953 2590 licet
974 2531 1184 2590 excusentur.
1227 2523 1352 2590 Admo-

117 2644 209 2709 ‘dum
232 2661 308 2708 xero
331 2643 364 2707 in
397 2639 635 2706 dubitationem
659 2646 709 2708 est
739 2642 942 2725 vocandum,
974 2647 1081 2708 utrum
1103 2663 1157 2708 res
1180 2661 1200 2707 a
1221 2641 1351 2708 Tiberio

130 2767 242 2846 gestae
264 2767 358 2826 tanta
379 2759 487 2839 laude,
511 2765 634 2842 quanta
656 2759 800 2844 scriptor
823 2780 879 2825 eas
893 2762 1114 2847 prosequitur,
1135 2761 1257 2827 fuerint
1279 2759 1350 2842 dig-

129 2899 204 2962 nae,
225 2899 339 2946 necne.
382 2879 484 2944 Nemo
499 2878 585 2940 enim
607 2877 691 2943 alius
714 2879 754 2942 de
776 2880 913 2960 anagnis,
936 2899 1016 2964 quos
1032 2880 1142 2965 priore
1165 2877 1240 2943 beili
1262 2896 1351 2943 anno

69 3036 75 3046 ·
131 2998 281 3065 Tiberius
304 2996 419 3062 fecerit
440 3013 652 3079 progressus,
674 2993 756 3068 iacit
779 2996 979 3063 mentionem
1002 3000 1034 3062 et
1055 2996 1157 3063 altero
1181 2995 1259 3060 nibil
1281 3013 1350 3061 me-

130 3115 289 3184 morabile
313 3133 385 3180 esse
408 3119 532 3190 aetum,
555 3113 649 3178 testis
672 3119 722 3180 est
743 3113 805 3180 Dio
829 3115 883 3199 (cf.
909 3115 971 3182 Dio
995 3114 1048 3196 55,
1070 3117 1117 3199 8).
1160 3113 1268 3192 Quare
1290 3131 1350 3200 pro

130 3241 219 3303 certo
245 3238 373 3298 tantum
397 3230 629 3296 affirmandum
652 3252 724 3297 esse
754 3239 853 3318 puto,
882 3232 1102 3299 Romanorum
1127 3232 1241 3299 ducem
1262 3229 1349 3297 Rhe·

129 3373 207 3420 num
229 3357 471 3432 trangressum
498 3349 551 3434 (cf.
576 3347 650 3415 Dio.
673 3350 733 3430 55,
755 3352 789 3436 6)
812 3350 986 3417 nonnullas
1009 3352 1043 3418 in
1067 3349 1276 3416 Germaniam
1299 3351 1348 3415 fe-

130 3474 216 3538 cisse
239 3469 451 3548 incursiones,
475 3469 591 3553 quibus
608 3472 740 3535 coactae
763 3489 798 3534 se
820 3471 986 3554 recepisse
1000 3470 1153 3535 videntur
1176 3469 1245 3534 eius
1269 3487 1348 3551 gen·

129 3595 179 3656 tes
202 3589 235 3654 in
258 3587 409 3670 regiones
430 3585 606 3652 saltuosas.
650 3587 716 3654 Sed
745 3608 785 3653 ne
807 3586 869 3654 hoo
898 3587 1025 3674 quidem
1049 3586 1120 3653 sola
1141 3587 1260 3653 Tiberii
1283 3588 1349 3652 vir-

127 3715 198 3776 tute
219 3704 431 3793 imperatoria
456 3703 603 3770 effectum
629 3725 700 3771 esse
722 3705 902 3772 clarissime
924 3712 1015 3791 patet
1037 3727 1076 3770 ex
1100 3725 1149 3787 eo,
1174 3705 1258 3789 quod
1281 3705 1346 3770 iam

129 3833 229 3895 antea
251 3823 489 3890 Germanorum
512 3825 597 3889 vires
614 3823 715 3890 Drusi
738 3825 1004 3909 expeditionibus
1027 3827 1123 3889 erant
1145 3823 1348 3889 debilitatae.

128 3944 269 4013 Accedit
297 3945 334 4006 ut
364 3961 476 4008 eorum
506 3947 619 4025 gentes
652 3943 855 4028 principibus
885 3943 1037 4024 orbatae,
1068 3961 1149 4030 quos
1179 3941 1347 4024 Augustus

129 4065 255 4147 legatos
277 4061 319 4127 ad
342 4080 378 4127 se
407 4061 525 4127 missos
556 4059 786 4147 comprehendi
816 4063 974 4141 iusserat,
1004 4063 1073 4128 acie
1096 4080 1170 4128 oum
1192 4059 1348 4126 Romanis

129 4183 303 4266 confligere
331 4201 396 4246 non
428 4181 596 4246 auderent.
646 4184 800 4246 Attamen
834 4179 911 4246 belli
942 4183 1091 4246 eventum
1122 4179 1253 4244 omniuo
1283 4197 1348 4242 noun

129 4311 257 4368 tantum
279 4299 397 4380 icisse,
428 4304 464 4366 ut
486 4298 663 4365 Germania
683 4299 718 4363 in
741 4298 978 4384 stipendiariae
1000 4299 1185 4385 provinciae
1208 4296 1347 4362 sormam

1534 315 1561 366 q
