3150 4764
594 283 890 346 ..eg-

131 456 206 520 dum
232 466 282 520 est
305 457 344 520 de
367 455 449 536 loeo,
472 475 534 540 quo
559 453 646 520 bisce
671 455 778 520 verbis
803 453 947 520 Velleius
971 473 1089 537 magua
1112 455 1234 522 Tiberii
1257 475 1357 543 opera

131 576 314 660 praedicat:
350 574 474 656 „Qum
505 574 561 662 pia
592 571 815 638 munificentia
846 592 1008 658 superque
1038 571 1212 640 humanam
1244 587 1358 642 evecta

129 695 192 759 lide
226 695 381 780 templum
415 693 499 774 patri
529 691 682 757 molitur?
728 691 830 770 Quam
861 693 1033 779 magnifico
1063 693 1164 759 nnimi
1193 702 1356 779 tempera·

130 820 239 878 mento
262 813 317 878 Cu.
342 832 470 898 quoque
494 810 639 896 Pompeii
664 831 798 876 munera
818 811 994 898 absumpta
1015 813 1081 894 igni
1105 813 1272 880 restituit?
1295 813 1356 891 Qui

130 931 216 1018 quod
251 950 394 1012 unquam
429 929 624 1000 claritudine
660 933 809 1006 eminuit,
843 930 875 995 id
905 931 1006 1002 veluti
1041 940 1212 1014 cognatum
1242 943 1368 1002 censet.

129 1048 316 1116 tuendum.“
361 1049 485 1128 Quibus
509 1049 541 1113 in
561 1050 804 1135 perscrutandis
819 1048 933 1114 Velleii
951 1049 1171 1116 adulatorium
1190 1053 1355 1132 ingenium

130 1170 214 1234 haud
248 1168 380 1235 difficile
413 1169 631 1250 cognoscitur.
678 1167 805 1232 Etenim
838 1169 880 1234 ad
909 1169 1049 1250 Augusti
1079 1170 1244 1244 aedilicia,
1274 1192 1356 1258 quae

129 1289 257 1354 silentio
281 1308 301 1352 a
324 1289 484 1372 scriptore
514 1285 740 1369 negliguntur,
771 1306 873 1372 opera
904 1287 962 1353 illa
985 1308 1004 1354 a
1026 1285 1155 1354 Tiberio
1187 1265 1357 1356 aedificata

130 1408 260 1473 omnino
285 1429 347 1472 non
370 1406 473 1472 luisse
496 1405 597 1486 digna
627 1408 946 1484 commemoratione,
974 1409 1067 1472 testis
1098 1414 1149 1474 est
1170 1408 1356 1490 Suetonius,

129 1528 183 1615 qui
205 1526 317 1592 urbem
340 1524 520 1590 latericiam
551 1533 718 1610 acceptum
745 1525 785 1590 ab
808 1526 958 1606 Augusto
987 1525 1135 1592 relictam
1165 1547 1238 1593 esse
1267 1548 1356 1594 mar-

129 1667 273 1713 moream
298 1646 330 1710 in
354 1643 437 1708 libro
461 1662 520 1709 suo
545 1652 668 1708 narrat.
713 1641 862 1710 Tiberius
881 1649 996 1710 contra
1013 1663 1053 1712 nc
1070 1645 1201 1732 publice
1224 1647 1355 1733 quidem

130 1767 192 1832 nisi
217 1766 280 1830 duo
304 1782 406 1849 opera
427 1763 600 1842 exstruxit,
622 1761 779 1847 ternplum
801 1763 940 1845 Augusti
964 1767 997 1828 et
1019 1783 1148 1830 scenam
1167 1763 1356 1852 Pompeiani

129 1884 249 1952 theatri
279 1885 334 1970 (cf.
358 1883 434 1948 Tac.
459 1901 510 1947 an.
536 1877 590 1946 ul.
612 1882 680 1967 45).
726 1881 851 1947 idcireo
882 1883 979 1948 etiam
1010 1882 1185 1949 inhaere
1216 1904 1355 1950 comme-

128 2003 290 2070 moranda
313 2001 469 2079 Velleius,
493 2001 546 2085 qui
571 2006 637 2065 tam
660 1998 842 2082 magnificis
859 1999 980 2067 Tiberii
1004 2020 1104 2087 opera
1125 2000 1279 2068 laudibus
1298 2022 1355 2069 ex-

128 2123 225 2204 tollit,
247 2133 284 2188 ut
306 2121 484 2188 descendat
506 2119 548 2184 ad
572 2117 822 2185 exclamationis
852 2119 1010 2200 formam,
1040 2140 1146 2206 neque
1175 2120 1216 2187 ab
1241 2121 1356 2188 adula-

129 2243 228 2310 tionis
251 2260 354 2326 neque
377 2241 511 2305 vitiatae
534 2238 608 2304 fidei
631 2239 766 2324 crimine
790 2244 841 2305 est
862 2238 1062 2306 liberandus.

213 2361 249 2428 Io
274 2361 448 2425 maximam
475 2377 550 2422 vero
573 2357 657 2422 idem
679 2357 796 2422 cadere
815 2357 945 2423 videtu-r
964 2358 1245 2444 vituperationem,
1269 2359 1354 2445 quod

129 2488 161 2547 et
184 2480 348 2562 flagitiosa
370 2479 427 2543 illa
448 2479 547 2554 facta,
571 2497 653 2562 quoe
676 2477 772 2556 vulgo
790 2477 919 2541 Tiberio
939 2477 1047 2542 cimini
1069 2477 1266 2557 tribuuntur,
1289 2499 1355 2542 non

127 2600 230 2665 solum
256 2597 341 2664 celat
363 2598 419 2662 sed
446 2598 541 2661 etiam
567 2597 601 2660 in
624 2595 754 2659 landem
778 2597 847 2660 eius
868 2605 992 2661 vertere
1023 2598 1141 2662 studet.
1185 2595 1256 2662 linc
1279 2617 1354 2682 spe-

127 2724 236 2800 ctant,
269 2737 351 2801 quac
379 2716 515 2796 legimus
539 2715 579 2781 de
602 2715 767 2800 Agrippae
792 2713 937 2779 l'ostumi
960 2715 1077 2796 caede,
1109 2736 1204 2802 quum
1229 2716 1277 2781 ita
1298 2717 1354 2786 de-

127 2838 244 2904 scribit
269 2833 428 2910 Velleius,
451 2842 486 2898 ut
515 2836 548 2899 iu
579 2855 649 2898 eum
683 2833 868 2918 opinionem
901 2855 967 2898 retu
1000 2816 1162 2900 adducere
1196 2835 1353 2914 videatur,

128 2959 192 3023 iam
217 2959 364 3038 Augusto
390 2955 462 3017 viro
487 2953 621 3038 eiusque
649 2953 739 3017 iussu
762 2952 943 3038 Agrippum
971 2958 1074 3017 morte
1097 2973 1168 3018 esse
1192 2951 1352 3018 affectum.

126 3079 282 3144 Attamen
307 3072 367 3137 snb
386 3070 551 3137 Tiberiani
575 3071 778 3157 principatus
802 3071 903 3136 initiis
921 3073 1067 3157 Agrippa
1089 3073 1281 3138 interemtus
1305 3079 1354 3138 est

128 3196 182 3280 (cl.
214 3194 287 3261 Tac.
320 3212 371 3258 an.
402 3191 431 3271 l,
460 3191 491 3256 6.
524 3191 612 3258 Suet.
635 3191 693 3256 Tu
727 3190 779 3256 22.
810 3190 883 3256 Dio.
904 3191 957 3268 57,
980 3189 1026 3275 3).
1072 3191 1182 3276 Neque
1211 3189 1246 3256 id
1276 3190 1354 3256 mihi

126 3312 320 3400 persuadeo,
344 3311 492 3393 Augusto
516 3308 659 3390 iubente,
682 3328 876 3395 quamquem
906 3309 1037 3374 dubium
1063 3311 1164 3375 fuisse
1179 3309 1354 3376 Suetonius

83 3447 85 3450 ’
127 3434 229 3498 tradit
251 3431 308 3512 (cf.
332 3428 403 3496 Tib.
426 3431 495 3509 22),
522 3429 733 3510 Augustusne
762 3429 904 3492 rnorieus
935 3427 1120 3507 codicillos,
1151 3430 1287 3514 quibus,
1317 3435 1353 3496 ut

127 3551 363 3618 interficeretur
385 3549 550 3633 Agrippa,
583 3549 776 3633 imperatum
808 3552 874 3616 est,
907 3546 1111 3632 reliquisset,
1144 3548 1204 3613 ltoc
1229 3549 1352 3616 fuctum

110 3691 209 3747 esse,
233 3671 353 3756 quippe
376 3687 474 3754 quum
506 3672 651 3747 constet,
680 3667 714 3732 in
738 3668 897 3732 nentiuem
930 3686 1062 3731 suorum
1086 3674 1152 3732 tum
1178 3667 1353 3733 crudeliter

127 3789 330 3855 consuluisse
353 3788 436 3853 hunc
466 3786 716 3871 imperatorem,
746 3793 782 3850 ut
813 3785 930 3871 cupitis
960 3804 1064 3870 poena
1094 3805 1164 3850 eum
1195 3785 1353 3851 multaret

128 3909 185 3981 (cl.
207 3908 285 3974 Tac.
308 3926 358 3980 an.
384 3905 410 3986 I,
432 3907 476 3978 ut.
518 3905 626 3972 Etiam
651 3904 840 3970 incredibile
864 3909 931 3979 est,
964 3924 1023 3989 pro
1053 3904 1196 3989 privigni
1228 3907 1353 3970 secuti·

126 4035 194 4094 tate
217 4032 374 4112 nepotem
391 4026 431 4090 ab
456 4043 516 4090 aro
540 4043 612 4090 esse
635 4023 797 4110 supplicio
822 4022 985 4089 affectum.
1029 4022 1144 4089 Restat
1172 4022 1289 4105 igitur,
1319 4031 1355 4088 ut

128 4146 257 4232 culpam
282 4144 377 4210 buius
401 4143 546 4210 criminis
570 4148 626 4207 aut
648 4143 681 4207 in
705 4143 867 4209 Tiberium
892 4149 949 4208 aut
971 4145 1003 4207 iu
1024 4142 1161 4224 Liviam,
1193 4143 1263 4207 eius
1286 4161 1355 4207 rna-

128 4274 222 4344 trem,
244 4265 462 4336 conteremus.
507 4261 684 4328 Tribunum
715 4263 800 4327 enim
830 4261 1073 4348 perpetrarisse
1104 4260 1190 4328 illam
1222 4263 1352 4326 caedem

131 4405 190 4449 sua
214 4389 342 4470 sponte,
366 4402 470 4469 neque
500 4379 677 4449 uerisimile
708 4388 759 4446 est
787 4401 890 4467 neque
919 4380 1081 4446 consentit
1110 4398 1183 4446 cum
1216 4380 1353 4447 aliorum
