3150 4764
568 253 870 318 ..26-

108 422 190 486 sime
212 441 300 500 rero,
331 427 384 512 qui
408 426 508 492 fuerit
529 425 671 508 Augusti
694 427 727 491 iu
750 425 935 510 prirignum
967 403 1112 499 animus,
1144 445 1184 490 er
1216 423 1333 502 uerbis,

107 558 190 623 quae
212 542 354 626 scriptor
375 542 461 608 idem
486 546 732 621 commemorat,
754 541 864 624 colligi
888 548 1011 628 potest:
1043 544 1110 621 „Aa
1133 542 1190 608 illa
1213 543 1333 625 (Liria)

107 666 270 724 commota
293 667 419 727 ratores
443 663 600 747 quosdam
624 663 666 728 ad
690 681 725 727 se
740 660 883 744 Augusti
906 659 1076 726 codicillos
1099 663 1138 728 de
1155 661 1333 728 acerbitate

107 787 139 840 et
161 775 373 844 intolerantia
402 799 528 845 morum
558 781 626 846 eius
657 802 674 847 e
703 781 848 845 sacrario
878 778 1014 864 protulit
1043 787 1142 865 atque
1170 779 1334 845 recitavit.

106 891 184 975 Hos,
207 904 240 961 et
263 897 446 963 custoditos
469 897 605 973 tamdiu,
627 904 660 964 et
682 896 898 983 exprobratos
913 902 982 962 tam
1001 896 1130 973 infeste,
1152 899 1233 963 adeo
1256 917 1331 978 gra·

105 1013 190 1078 riter
211 1015 296 1094 tulit,
319 1024 355 1084 ut
378 1017 510 1101 quidam
538 1021 665 1102 putent,
687 1016 773 1081 inter
795 1034 912 1081 causas
942 1035 1092 1082 secessus
1123 1015 1206 1081 lrano
1229 1016 1260 1083 ei
1282 1012 1333 1079 uel

105 1132 316 1218 praecipuam
353 1134 487 1203 fuisse“
530 1133 653 1212 Quibus
686 1135 881 1200 testimoniis
914 1154 1012 1220 quum
1044 1135 1216 1216 accedant,
1252 1152 1333 1219 quae

105 1257 203 1316 antea
225 1251 264 1317 de
286 1251 408 1318 Tiberii
431 1253 553 1337 pietate
577 1259 709 1318 narrata
732 1260 824 1329 sunt,
854 1272 918 1318 non
948 1251 1081 1319 dubium
1114 1272 1185 1318 esse
1214 1259 1333 1338 potest,

105 1368 181 1454 quiu
207 1367 350 1435 Velleius
375 1363 459 1436 laten
493 1369 644 1437 retulerit
672 1373 713 1436 de
736 1372 876 1453 Augusti
907 1391 1016 1436 amore
1040 1376 1074 1437 et
1102 1364 1240 1452 laetitia
1270 1390 1334 1456 qua

105 1484 241 1552 affectus
263 1488 372 1565 iurarit,
396 1509 492 1574 quum
516 1489 734 1555 circumfusus
756 1477 960 1575 arrrpleribus
980 1488 1103 1554 Tiberii
1128 1491 1178 1554 sui
1198 1495 1231 1555 et
1255 1507 1333 1554 con·

65 1601 84 1638 ⁰
105 1611 221 1689 spectu
251 1605 458 1693 alloquioque
489 1608 651 1673 carissimi
685 1609 747 1673 sibi
780 1608 915 1693 spiritus
948 1606 1154 1674 subrelectus
1189 1607 1331 1674 animaru

105 1723 280 1790 coelestem
308 1725 443 1792 efflaret.
488 1726 547 1792 Sin
577 1746 652 1790 vero
676 1727 749 1813 quis
773 1724 919 1813 quaerit,
949 1745 1007 1792 cur
1029 1727 1214 1816 Augustus,
1236 1745 1331 1813 quern
1393 1766 1395 1770 v

105 1840 226 1910 Tiberii
249 1844 415 1925 ingenium
438 1865 503 1909 non
525 1843 730 1925 ignoravisse
752 1848 891 1920 constat,
921 1843 1006 1910 bunc
1028 1845 1236 1929 potissimum
1267 1841 1333 1908 sibi

104 1980 326 2026 successorem
351 1961 574 2041 destinaverit,
596 1961 696 2029 facile
718 1963 752 2028 in
774 1966 927 2048 promptu
950 1966 1011 2041 est,
1039 1962 1233 2029 nouaclum
1255 1980 1330 2047 pre-

104 2079 197 2144 cibus
219 2078 331 2148 Liviae
354 2079 532 2146 adductum
556 2081 616 2147 boo
637 2081 766 2158 fecisse,
789 2080 851 2146 sed
873 2082 970 2147 etlam
990 2100 1063 2148 eam
1085 2081 1126 2146 ob
1142 2098 1221 2168 rem,
1243 2078 1331 2167 quod

104 2195 183 2262 Caio
206 2205 239 2264 et
260 2198 361 2264 Lucio
385 2197 583 2265 Caesaribus
612 2199 761 2285 itemque·
777 2199 885 2266 Druso
916 2201 1053 2264 mortuis
1084 2208 1213 2285 praeter
1234 2197 1331 2264 Tibe·

103 2317 187 2382 rium
205 2335 299 2382 nemo
323 2325 419 2386 esset.
442 2318 496 2404 qui
521 2321 650 2383 teneret
672 2317 857 2403 imperium.
897 2317 1002 2396 Simili
1023 2317 1132 2400 laude,
1153 2337 1218 2403 qua
1234 2320 1332 2382 autea
1439 2327 1445 2336 '

104 2436 225 2502 Tiberii
256 2434 419 2502 modestia
441 2457 480 2501 ac
502 2437 685 2526 moderatio
709 2438 740 2501 iu
764 2437 942 2521 adoptione
973 2435 1139 2502 renuenda
1160 2455 1181 2501 a
1202 2433 1329 2501 Velleio

105 2554 270 2620 celebrata
292 2563 382 2629 scrut,
413 2555 546 2620 casdem
570 2555 708 2619 virtutes
738 2553 830 2619 effert
858 2554 999 2640 scriptor
1021 2555 1054 2619 in
1077 2554 1162 2626 loco,
1185 2555 1239 2640 qui
1261 2552 1332 2635 agit

103 2673 143 2738 de
172 2672 336 2739 Tiberiani
369 2673 572 2759 principatus
604 2672 716 2738 initiis,
761 2659 851 2739 Haec
883 2672 967 2738 enim
1000 2678 1078 2738 suut
1108 2674 1179 2738 eius
1212 2670 1329 2737 verba:

102 2791 199 2871 „Una
220 2799 331 2857 tamen
354 2791 456 2856 velrrti
479 2790 616 2857 luctatio
640 2792 783 2856 civitatis
806 2791 879 2864 fuit,
902 2793 1075 2877 pugnantis
1099 2811 1170 2856 cum
1189 2789 1331 2858 Caesare

85 2914 238 2986 *senatus
260 2910 436 2996 populique
452 2909 603 2987 Romani,
626 2916 661 2976 ut
682 2908 816 2974 stationi
834 2902 991 2993 pateruae
1008 2910 1207 2986 succederet,
1228 2907 1329 2988 illius,

102 3033 138 3092 ut
159 3028 270 3114 potius
293 3026 461 3114 aequalem
485 3028 587 3094 civem
612 3047 709 3113 quarn
735 3027 928 3094 eminentem
952 3027 1066 3095 liceret
1087 3009 1184 3111 egere
1207 3027 1344 3114 princip

102 3166 192 3232 pern;
214 3146 348 3212 tandem
371 3147 476 3228 magis
500 3147 624 3212 ratione
647 3165 743 3232 quarn
769 3144 888 3211 honore
919 3148 1022 3213 victus
1044 3156 1110 3227 est,
1140 3167 1211 3214 curn
1236 3147 1328 3233 quic·

103 3266 180 3352 quid
203 3266 359 3331 tuendum
384 3285 449 3330 non
472 3264 688 3350 suscepisset,
717 3265 898 3350 perituram
930 3265 1072 3348 rideret,
1101 3266 1228 3353 solique
1250 3265 1327 3331 huic

102 3385 241 3466 contigit
262 3404 365 3470 paene
388 3383 511 3449 diutius
534 3403 685 3449 recusare
708 3385 938 3470 principatum.
961 3403 1057 3470 quarn
1076 3390 1112 3451 ut
1130 3389 1328 3471 occuparent

102 3522 186 3582 eum,
209 3501 265 3568 alii
288 3503 388 3568 armis
412 3506 638 3589 pugnaverant
660 3501 717 3584 (cf.
744 3501 814 3578 124,
836 3504 905 3577 2r.“
949 3501 1073 3580 Quibus
1096 3505 1130 3568 in
1152 3503 1327 3588 exquiren-

102 3621 164 3701 dis,
186 3621 215 3687 si
232 3642 280 3698 ea,
304 3639 387 3707 quae
409 3619 619 3687 tradiderunt
641 3621 697 3687 alii
718 3621 897 3706 scriptores
921 3619 961 3688 de
984 3620 1045 3686 lrac
1066 3641 1112 3699 re,
1135 3621 1233 3708 paulo
1252 3621 1327 3688 dili·

101 3741 230 3822 gentius
252 3740 461 3825 perlegimus,
489 3758 555 3804 non
577 3738 710 3804 dubium
741 3758 813 3805 esse
841 3744 960 3824 potest,
983 3739 1060 3825 quin
1084 3749 1117 3806 et
1144 3741 1326 3806 adulatorie

81 3867 134 3925 ‘et
148 3854 234 3925 falso
248 3857 391 3924 Velleius
407 3856 616 3943 imperatoris
639 3857 751 3924 laudes
774 3856 960 3924 celebravit.
999 3859 1041 3924 Ut
1063 3859 1222 3938 omittam,
1244 3878 1327 3944 quae

102 3978 142 4044 de
164 3978 270 4063 primo
293 3987 408 4043 senatu
430 3975 563 4044 Tacitus
587 3983 820 4043 commemorat
842 3977 898 4060 (ol.
915 3976 990 4043 Tac.
1011 3997 1063 4043 an.
1082 3976 1107 4044 Ι.
1128 3979 1328 4063 11,12,13)‚

100 4098 168 4163 iam
192 4097 364 4182 perspicue
386 4098 526 4181 apparet
547 4115 587 4161 ea
609 4115 661 4176 re,
690 4093 855 4162 Tiberium
886 4095 1017 4162 omnino
1048 4117 1113 4162 uon
1141 4101 1327 4163 cunctatum

103 4235 185 4294 esse,
209 4234 371 4301 occupare
393 4215 586 4300 imperium,
616 4212 721 4300 quod,
746 4232 941 4300 quamquam
971 4234 1131 4280 summam
1160 4235 1269 4281 reram
1292 4235 1328 4282 se

102 4333 272 4419 aspernari
294 4333 480 4416 simulabat,
504 4339 536 4399 et
557 4332 681 4398 milites
702 4352 738 4399 se
760 4332 925 4413 intorem
948 4336 1047 4420 atque
1068 4335 1103 4399 iu
1125 4334 1248 4400 citriam
1272 4353 1328 4399 co·
