3150 4764
672 240 969 304 ...Η-.-

209 410 496 496 gustnm'obsidas
526 411 665 477 misisse.
710 411 768 478 Sin
799 431 874 476 vero
896 409 1034 492 legeris,
1054 405 1147 497 'quae
1169 411 1228 477 alii
1250 413 1428 498 scriptores

208 528 249 594 de
277 526 340 594 hae
371 529 581 614 expeditione
614 533 886 604 commemorant,
920 527 1051 610 singula
1083 526 1154 595 fero
1176 527 1278 596 rerba
1299 530 1427 616 impug-

206 646 318 712 nanda
349 665 421 713 esse
450 646 549 712 facile
578 665 749 729 agnosces.
793 643 837 712 Ut
867 647 1035 728 omittam,
1064 666 1148 730 quae
1181 647 1292 714 multis
1322 650 1427 734 iisque

206 765 410 846 gravissimis
442 765 640 831 testimoniis
673 763 848 850 perspicua
870 768 947 830 sunt
969 763 1025 847 (el.
1047 764 1122 830 Tae.
1146 783 1199 830 ao.
1221 763 1260 831 ll.
1283 767 1314 834 3.
1336 765 1427 832 Suet.

205 879 273 949 Tio.
296 885 326 948 9.
348 881 422 952 Dio.
444 882 497 964 54,
519 883 550 947 9.
575 882 661 948 Mon.
686 881 809 966 Aneyr.
831 881 862 958 5,
884 882 942 964 28)
965 901 1030 947 non
1052 881 1268 948 Artavasdem
1292 881 1351 950 sed
1372 883 1428 949 Ti·

203 1019 339 1082 grauem
361 1001 537 1082 Armeniae
552 1020 661 1082 regem
685 1019 756 1065 esse
777 999 912 1079 laetum,
935 1018 1029 1064 nemo
1044 999 1127 1065 alius
1149 1020 1304 1082 magnum
1324 1001 1426 1066 fuisse

203 1117 287 1186 illud
310 1117 430 1186 bellum
448 1118 601 1184 affirmat.
647 1117 732 1196 Quin
748 1116 857 1202 potius
879 1118 983 1184 refert
998 1115 1059 1182 Dio
1077 1119 1209 1185 Cassius
1234 1118 1291 1198 (of.
1305 1119 1357 1197 54,
1380 1119 1426 1198 9),

127 1237 137 1260 ·
203 1234 284 1303 levis
307 1237 464 1302 momenti
495 1235 599 1302 foisse
621 1234 861 1320 expeditionem
893 1242 990 1322 atque
1013 1243 1139 1316 gestum
1164 1237 1290 1302 esseio
1314 1254 1354 1301 ea
1374 1236 1425 1300 ni·

203 1351 249 1418 bil
271 1358 364 1420 tanto
387 1359 550 1440 apparatu
574 1353 724 1435 dignum,
747 1371 844 1438 quum
868 1354 1014 1419 Armenii
1038 1346 1151 1439 paoem
1175 1373 1247 1418 oum
1270 1352 1424 1419 Romanis

201 1471 479 1550 reooneiliassent,
500 1473 692 1558 priusquam
716 1491 826 1537 eorum
845 1473 1010 1538 exereitus
1031 1473 1111 1537 fines
1135 1473 1224 1554 regni
1247 1473 1423 1554 ingressus.

201 1595 298 1656 esset.
343 1589 443 1656 Dioni
460 1593 568 1656 autem
591 1590 686 1655 fidem
710 1607 782 1655 esse
804 1587 1025 1674 abrogandam
1043 1589 1120 1656 milri
1144 1609 1209 1656 non
1233 1591 1424 1676 persuadeo,

201 1711 379 1792 propterea
401 1705 491 1794 quod
513 1713 548 1775 et
567 1704 642 1773 aliis
665 1705 699 1772 in
732 1705 829 1773 rebus
850 1708 1017 1774 invenitur
1039 1706 1089 1772 vir
1111 1707 1262 1773 ueritatis
1284 1707 1423 1790 diligens

202 1828 236 1889 et
264 1824 347 1910 ipsis
369 1824 470 1892 saetis
492 1825 637 1892 narratio
661 1825 732 1890 eius
755 1826 997 1911 comprobatur.
1042 1823 1128 1892 Nam
1151 1830 1268 1912 postea
1292 1825 1422 1893 demum

201 1940 360 2010 Armenia
388 1945 421 2009 in
444 1945 634 2030 provinciae
662 1946 804 2012 formam
827 1965 846 2012 a
868 1944 1024 2011 Romanis
1047 1941 1182 2010 redacta
1205 1946 1266 2010 est.
1308 1943 1422 2030 Neque

200 2079 312 2142 regem
334 2059 526 2152 Parthorum
549 2061 670 2130 'liberii
693 2071 782 2130 metu
804 2062 927 2129 liberos
948 2083 1025 2127 suos
1054 2061 1192 2146 Romam
1215 2062 1343 2128 misisse
1365 2061 1422 2128 ob·

202 2179 303 2260 sides,
323 2180 418 2245 testis
441 2187 493 2248 est
514 2180 647 2248 'taeitos
663 2180 720 2266 (ef.
743 2182 819 2248 Tae.
842 2201 895 2245 un.
917 2179 959 2259 ΙΙ,
983 2179 1026 2266 1),
1049 2181 1103 2266 qui
1119 2161 1197 2245 eum
1214 2179 1420 2266 popularium

200 2297 274 2362 fidei
296 2296 438 2388 diffisum
461 2301 508 2365 ita
531 2300 637 2382 egisse
658 2299 782 2366 scribit.
826 2299 936 2366 Nimia
949 2298 1051 2382 igitur
1073 2295 1171 2366 laude
1193 2299 1227 2365 io
1249 2296 1301 2365 bis
1322 2296 1420 2364 rebus

199 2414 424 2483 describendis
446 2424 612 2484 versatum
636 2435 709 2484 esse
727 2415 890 2484 Velleium
914 2422 1062 2503 apparet.

284 2531 391 2601 Simili
413 2536 539 2603 ratione
561 2536 682 2602 Tiberii
704 2537 841 2617 merita,
872 2555 954 2620 quae
977 2533 1075 2620 paulo
1097 2539 1174 2620 post
1196 2533 1282 2601 bello
1305 2540 1421 2600 eontra

198 2647 343 2717 Rbaetos
376 2652 627 2739 Vindelicosqns
650 2657 743 2736 gesto
776 2653 838 2719 sibi
862 2654 1080 2739 comparavit,
1108 2671 1129 2717 a
1150 2654 1310 2738 scriptore
1333 2651 1419 2718 oela-

198 2767 344 2834 brantur.
390 2771 460 2848 Qua
475 2773 507 2836 in
532 2791 566 2842 re
582 2772 644 2840 etsi
661 2791 772 2838 verum
787 2778 846 2851 est,
870 2771 978 2836 hostes
1001 2791 1072 2837 esse
1084 2770 1296 2856 perdomitos,
1319 2789 1417 2856 quum

196 2886 416 2954 Romanorum
448 2890 612 2957 exereitus
634 2890 779 2975 undique
801 2889 881 2953 fines
904 2907 1016 2954 eorum
1039 2888 1247 2970 invaderent,
1277 2886 1344 2953 alia
1364 2891 1417 2952 ta-

195 3025 288 3088 men,
321 3027 403 3092 quae
424 3007 558 3092 placent
579 3006 707 3088 minus,
739 3008 832 3072 nobis
863 3007 895 3070 in
927 3004 1065 3087 legendo
1098 3012 1282 3072 occurrunt.
1327 3003 1416 3072 Nihil

196 3125 280 3190 anim
304 3123 400 3191 affert
421 3125 566 3193 Velleius
590 3126 796 3206 degentium
821 3122 1007 3197 discordia,
1037 3145 1102 3210 qua
1124 3122 1308 3210 prohibitae
1329 3127 1415 3202 sunt,

194 3261 236 3308 ne
259 3262 353 3309 arma
365 3244 537 3325 iungerent
559 3249 676 3310 eontra
688 3261 876 3308 communes
898 3242 1022 3322 hostes,
1044 3261 1179 3326 quorum
1203 3241 1278 3306 odio
1301 3260 1413 3308 omnes

193 3360 291 3428 simul
312 3361 507 3444 flagrabant.
551 3362 616 3429 Sed
639 3361 680 3427 de
710 3380 844 3426 numero
868 3365 994 3426 tantum
1017 3359 1176 3440 bostium,
1205 3360 1245 3425 de
1266 3359 1413 3425 locorum
1439 3393 1441 3396 ·

196 3478 456 3561 difficultatibus,
477 3499 560 3564 quae
583 3478 645 3544 boo
663 3479 748 3545 bello
763 3477 966 3564 superandae
980 3481 1085 3556 erant,
1108 3477 1188 3542 saoit
1204 3477 1412 3555 mentionem,

193 3589 320 3664 scilieet
342 3602 378 3663 ut
400 3605 575 3678 augeretur
604 3597 665 3662 bae
689 3620 722 3664 re
745 3598 863 3663 Tiberii
887 3596 1000 3678 gloria.
1046 3594 1081 3660 ld
1105 3614 1232 3680 quoque
1255 3593 1338 3660 baud
1361 3595 1413 3660 in-‘

194 3715 343 3781 consulte
364 3714 489 3782 factum
512 3737 585 3783 esse
608 3717 746 3796 uidetur,
770 3714 857 3800 qnod
881 3715 1014 3795 scribit,
1039 3715 1070 3779 in
1093 3712 1227 3780 modum
1249 3711 1411 3778 adiutoris

192 3833 334 3900 Drusum
356 3833 454 3900 fratri
476 3835 516 3900 ab
541 3835 690 3916 Augusto
713 3852 786 3901 esse
803 3833 961 3899 additum.

277 3951 330 4018 Ad
352 3951 439 4018 idem
462 3972 515 4020 res
546 3951 767 4038 amplificandi
789 3953 931 4018 studium
954 3951 1135 4037 pertinent,
1168 3968 1250 4036 quae
1271 3945 1426 4029 legimus

191 4069 232 4135 do
264 4068 350 4136 bello
384 4089 455 4137 erim
490 4071 668 4137 Pannoniis
690 4065 914 4156 Delmatisque
936 4075 1027 4152 gesto
1051 4069 1107 4156 (ot.
1131 4066 1169 4132 ΙΙ.
1193 4065 1246 4146 96,
1267 4066 1288 4131 2
1310 4071 1343 4130 ot
1363 4063 1408 4149 3).

190 4186 353 4256 Tiberium
386 4188 515 4276 quidem
540 4209 720 4276 permagna
741 4189 774 4254 in
798 4209 835 4255 eo
860 4188 989 4254 virtutis
1012 4184 1243 4274 imperatoriae
1265 4182 1409 4250 edidisse
