3150 4764
494 291 901 374 1-122--

142 481 371 547 convenientes
394 481 499 547 fasces
521 500 598 548 suos
620 482 824 549 summisisse
847 481 1120 566 (1191121131.
1163 483 1367 570 Quamquam

142 595 226 663 enim
249 581 412 666 'liberium
436 620 503 665 uon
525 601 674 668 omnibus
698 601 844 668 caruisse
867 606 999 666 constat
1019 600 1195 668 honoribus
1220 603 1271 687 (cf
1292 604 1368 670 Tac.

142 735 192 782 au.
217 716 255 793 ll,
276 719 328 784 42.
352 719 440 786 Soet.
464 718 536 788 Tib.
561 721 624 806 12),
646 725 756 785 tamen
780 719 924 785 dubitari
946 738 1010 785 non
1033 728 1159 812 potest,
1188 723 1266 806 quin
1290 721 1367 788 Vel-

140 833 222 901 leius
245 841 422 905 excesserit
445 822 589 904 modum.
635 837 723 917 Quae
745 858 797 903 res
820 856 916 924 quam
940 858 1018 904 vera
1040 839 1094 920 sit,
1126 840 1176 906 vel
1204 859 1243 906 eo
1273 839 1368 908 intel*

140 951 269 1036 ligitur,
304 955 393 1041 quod
426 957 550 1024 exsulis
583 959 716 1022 nomine
741 963 787 1023 'eo
820 961 969 1042 tempore
997 957 1147 1053 Tiberius
1181 958 1367 1040 notabatur,

138 1053 233 1138 errius
251 1095 309 1159 per
332 1083 553 1161 conte-mptum
578 1075 770 1143 evertebant
784 1077 1022 1142 Nemausenses
1045 1077 1204 1158 imagines
1222 1083 1368 1144 statuas-

139 1211 212 1276 que.
249 1189 379 1260 'Eodem
405 1199 556 1280 spectant
578 1195 726 1262 Suetonii
750 1195 860 1272 verba,
884 1193 1001 1281 quibus
1022 1193 1134 1275 refert,
1161 1196 1195 1262 in
1219 1197 1367 1263 convivio

139 1310 226 1396 apud
249 1311 284 1378 0.
306 1311 480 1379 Caesarem
503 1312 642 1400 aliquem
666 1333 738 1380 csse
760 1313 956 1400 pollicitum,
977 1313 1047 1378 fore
1070 1317 1107 1379 ut
1130 1311 1314 1393 confestim,
1337 1315 1366 1380 si
1485 1305 1491 1318 ’

137 1428 322 1509 iuberetur,
353 1429 502 1497 Rhodum
526 1433 698 1516 navigaret
727 1433 913 1519 exsulisque
937 1438 1035 1518 caput
1063 1433 1209 1498 referret.
1253 1433 1366 1519 Neque

137 1569 176 1614 ea
197 1567 232 1614 re
253 1549 399 1632 ignorari
422 1556 539 1635 potest,
573 1556 774 1637 quantopere
798 1551 918 1618 Tiberii
939 1551 1046 1632 ‘gloria
1068 1570 1199 1618 secessu
1222 1550 1279 1617 illo
1302 1551 1365 1616 mi-

136 1669 218 1731 nuta
239 1669 301 1749 sit,
336 1687 432 1753 quam
456 1669 496 1734 de
518 1665 679 1735 Archelao
709 1675 846 1735 narrant
867 1668 1001 1736 Tacitus
1031 1669 1087 1750 (11.
1111 1690 1164 1736 an.
1186 1669 1231 1750 ΙΙ,
1250 1672 1309 1750 42)
1332 1679 1366 1735 11

136 1782 200 1850 Dio
224 1785 282 1860 (cf.
303 1789 356 1870 57,
374 1787 438 1870 11).
483 1787 608 1866 Fuisse,
633 1789 724 1875 apud
742 1807 798 1854 eos
820 1788 970 1870 legimus,
993 1791 1078 1855 hunc
1099 1809 1209 1872 regem
1232 1787 1363 1854 Tiberio

136 1905 289 1983 invisum,
312 1905 398 1991 quod
422 1909 572 1993 quamvis
594 1925 659 1972 non
677 1927 735 1993 per
750 1907 936 1993 superbiam
954 1908 1013 1973 sed
1029 1907 1070 1974 ab
1087 1908 1209 1974 intimis
1223 1907 1363 1984 Augusti

135 2021 281 2089 monitus
315 2024 412 2090 uirilis
446 2043 518 2091 eum
551 2024 657 2090 Rhodi
692 2033 841 2109 agentem
877 2025 1056 2091 bonoribus
1091 2025 1267 2120 affecisset.
1310 2024 1362 2092 Ab
1391 2021 1393 2026 ’

136 2142 224 2206 omni
247 2162 323 2207 vero
347 2143 410 2208 lide
433 2142 626 2225 abhorrent,
656 2163 740 2230 quus
768 2144 832 2210 alio
862 2144 935 2211 loco
966 2145 1021 2230 (11.
1046 2124 1087 2226 11,
1112 2147 1182 2222 101,
1207 2145 1239 2222 1)
1270 2142 1362 2210 hisce

136 2259 244 2326 verbis
264 2261 368 2327 tradit
381 2260 543 2344 Velleius:
567 2261 691 2345 „Breve
714 2261 755 2328 ab
779 2263 839 2329 hoc
861 2264 1097 2330 intercesserat
1113 2264 1265 2348 spatium,
1287 2282 1360 2328 cum

135 2377 170 2443 G.
194 2377 316 2444 Caesar
344 2387 420 2446 ante
449 2380 525 2446 aliis
555 2381 735 2468 provinciis
764 2383 806 2448 ad
836 2382 1006 2473 visendum
1039 2381 1136 2446 obitis
1168 2381 1202 2447 in
1231 2381 1360 2466 Syriam

135 2498 265 2576 missus,
295 2505 454 2565 convento
478 2499 567 2584 prius
590 2500 636 2565 Ti.
661 2499 806 2583 Nerone,
837 2501 889 2566 cui
911 2519 1040 2566 omnem
1071 2498 1225 2565 honorem
1250 2507 1286 2565 ut
1307 2520 1361 2564 su-

135 2617 256 2701 periuri
279 2617 424 2685 habuit.“
468 2618 552 2684 Nam
576 2616 752 2698 Tiberium,
782 2639 881 2704 quum
904 2620 946 2685 ad
974 2619 1159 2705 privignum
1189 2618 1359 2683 visendum

133 2735 328 2803 8111111111
357 2737 564 2816 contulisset,
592 2759 657 2803 non
686 2737 767 2804 benc
790 2757 810 2804 a
832 2737 914 2804 Gaio
943 2757 1016 2804 esse
1045 2745 1217 2822 exceptum
1248 2736 1360 2802 moltis

133 2853 330 2920 testimoniis
353 2856 425 2934 sine
447 2856 545 2921 dnbio
568 2857 600 2922 in
624 2863 776 2944 promptu
798 2863 849 2924 est
871 2855 926 2942 (ef.
949 2857 1024 2922 Tac.
1048 2876 1101 2922 an.
1125 2853 1177 2934 lll,
1198 2855 1250 2922 48.
1270 2855 1358 2922 Suet.
1470 2893 1481 2914 ·

134 2971 204 3040 Tro.
222 2973 271 3039 12.
292 2973 363 3040 Dio.
386 2976 520 3056 5111).
566 2974 677 3061 ltaque
700 2994 797 3062 quum
821 2995 872 3040 res
895 2977 942 3040 ita
963 2995 998 3042 se
1021 2973 1175 3048 habeant,
1198 2972 1358 3039 Velleium

133 3091 261 3172 gratiae
284 3093 489 3178 quaerendae
512 3095 622 3160 studio
646 3095 742 3160 nimis
756 3092 876 3161 Tiberii
897 3096 1050 3180 pietatem
1069 3101 1101 3160 11
1118 3072 1359 3173 auctoritatem,

133 3229 197 3296 qua
210 3209 317 3277 Rhodi
333 3232 414 3285 usus
431 3213 484 3291 sit,
507 3213 717 3299 praedicasse
740 3231 814 3278 mea
835 3213 996 3278 sententia
1018 3233 1081 3278 non
1098 3217 1150 3277 est
1163 3209 1357 3294 negandum.

218 3329 324 3396 Simili
347 3332 473 3396 ratione
495 3330 618 3397 Tiberii
640 3330 813 3410 modestia,
836 3351 910 3417 qun,
934 3329 1107 3417 quominus
1129 3332 1162 3396 iu
1185 3330 1356 3417 imperinm

132 3449 317 3535 adoptetur,
338 3451 549 3529 recusaverit,
571 3469 592 3516 a
614 3448 775 3536 scriptore
798 3448 940 3516 effertur.
983 3449 1074 3516 Haec
1103 3450 1171 3515 fere
1193 3457 1269 3516 sunt
1287 3450 1356 3514 eius

132 3565 241 3633 verba.
285 3567 367 3634 Gaio
390 3574 423 3634 11
443 3567 544 3654 Lucio
567 3568 706 3634 mortuis
728 3567 910 3651 Angustus,
933 3569 966 3634 id
990 3568 1164 3655 quodiam
1187 3571 1285 3633 autea
1305 3567 1355 3632 ia·
1397 3596 1400 3604 ·

132 3704 207 3751 cere
230 3685 388 3760 voluerat,
410 3685 596 3774 privignum
619 3708 727 3769 suum,
758 3687 906 3774 quamvis
929 3687 996 3770 ille,
1026 3707 1066 3754 ne
1088 3688 1189 3765 fieret,
1218 3704 1356 3767 magno·

132 3823 208 3889 pere
232 3806 418 3888 resisteret,
440 3812 474 3873 et
495 3805 689 3872 tribuniciae
717 3806 894 3890 potestatis
926 3812 1109 3872 consortem
1133 3810 1166 3872 et
1186 3823 1356 3870 successo-

131 3942 199 3988 rem
223 3942 343 4006 magna
371 3943 442 3990 cum
465 3922 593 3991 laetitia
612 3923 725 4010 populi
748 3924 931 3990 nominavit
953 3923 1008 4008 (oi.
1033 3923 1076 3990 11.
1101 3925 1172 4002 103,
1192 3925 1225 3990 2.
1246 3924 1277 3990 3.
1298 3925 1355 3993 41.

132 4041 203 4120 Qua
218 4043 253 4108 in
275 4062 310 4108 11
328 4044 470 4109 omnium
486 4043 627 4130 primum
649 4041 730 4109 illud
753 4042 1008 4130 impugnandum
1032 4061 1104 4111 esse
1120 4060 1246 4122 censeo,
1268 4042 1357 4128 quod·

131 4161 195 4224 iam
226 4165 303 4226 ante
334 4161 409 4229 Gaii
441 4167 581 4228 mortem
614 4163 800 4245 Augustum
828 4162 993 4228 Tiberium
1024 4161 1184 4248 adoptare
1213 4159 1354 4228 voluisse

130 4279 272 4363 scriptor
301 4286 425 4347 narrat.
469 4281 607 4348 Constat
638 4281 739 4352 euim,
768 4282 954 4362 Augustum
981 4279 1039 4347 illo
1068 4287 1215 4368 tempore
1243 4281 1353 4366 apri·

131 4399 226 4480 vigno
254 4398 356 4465 luisse
385 4401 629 4466 aversissimum
663 4419 765 4485 nequo
794 4398 907 4470 Rhodo
937 4399 1110 4492 secedendi
1142 4399 1270 4468 veniam
1300 4401 1355 4465 de·
