3150 4764
199 1435 283 1554 ‘De
305 1485 349 1555 M.
372 1485 494 1556 Velleio
518 1485 690 1554 Paterculo
714 1487 849 1574 eiusque
872 1507 980 1575 opere,
1004 1491 1090 1575 quod
1113 1491 1302 1556 inscribitur
1324 1489 1447 1572 ,bisto-

222 1606 293 1674 riae
315 1606 480 1680 Romanae
493 1606 534 1671 ad
558 1603 601 1670 M.
615 1604 779 1672 Vinicium
803 1605 970 1674 consulem
982 1607 1058 1674 libri
1079 1607 1175 1688 duo,“
1190 1607 1285 1675 multi
1309 1607 1448 1675 exstite-

222 1704 309 1802 runt,
332 1744 469 1811 quorum
491 1722 547 1788 alii
570 1723 658 1790 aliud
680 1724 832 1792 lecerunt
854 1724 1023 1793 iudicium.
1067 1724 1221 1792 Plurimis
1244 1727 1375 1812 quidem
1399 1727 1448 1794 vi·

222 1843 268 1907 ris
289 1843 394 1908 doctis
423 1837 507 1907 inde'
521 1841 561 1906 ab
584 1861 669 1922 anno
692 1841 865 1908 millesimo
888 1843 1149 1929 quingentesimo
1174 1845 1348 1924 uicesimo,
1381 1863 1446 1930 quo

199 1959 348 2045 'primus
370 1935 493 2025 Beatus
506 1959 681 2026 Rhenanus
703 1960 788 2026 bunc
808 1959 928 2028 librum
950 1981 992 2028 ex
1014 1961 1128 2028 codice
1151 1961 1299 2029 coenobii
1313 1961 1447 2029 Murba-

223 2077 329 2142 oensis
351 2078 384 2142 in
405 2077 513 2144 lucem
536 2077 657 2156 edidit,
685 2078 749 2145 fuit
777 2080 990 2165 persuasum,
1020 2079 1182 2146 Velleinm
1206 2073 1445 2147 assentatorem

223 2213 295 2260 esse
318 2193 574 2261 existimandum
595 2195 751 2262 humilem
774 2202 872 2283 atque
896 2197 1078 2280 bominem,
1099 2199 1151 2265 cui
1171 2199 1254 2264 fides
1277 2199 1448 2275 habeatur,
1550 2261 1551 2264 ,

221 2300 496 2395 indignissimum.
541 2314 652 2400 Neque
673 2314 706 2380 id
730 2313 848 2379 mirum
872 2321 932 2382 est.

297 2429 406 2497 ‘Haud
427 2431 515 2497 enim
545 2431 645 2499 facile
675 2430 764 2514 leget
788 2433 964 2518 quisquam·
993 2433 1117 2500 Tiberii
1147 2431 1238 2500 illam
1261 2434 1314 2501 vel
1337 2435 1448 2502 Seiani

222 2548 417 2632 imaginem,
439 2565 538 2635 quam
559 2549 709 2636 depingit
730 2551 890 2635 scriptor,
922 2551 999 2638 quin
1023 2558 1073 2618 tot
1094 2553 1260 2638 tantisque
1282 2551 1446 2630 laudibus,

223 2669 305 2752 quas
327 2685 399 2733 esse
420 2667 538 2734 nimias
560 2669 817 2755 immodicasque
840 2689 934 2734 nemo
958 2689 1025 2734 non
1047 2669 1214 2752 intelligit,
1236 2671 1446 2738 uehementer

223 2784 415 2852 offendatur.
459 2785 618 2868 Accedit,
650 2787 737 2873 quod
766 2789 830 2873 ipsi
863 2794 989 2853 veteres
1023 2789 1200 2872 scriptores
1231 2788 1358 2855 duobus
1388 2811 1445 2857 ex-

223 2903 345 2990 ceptis,
374 2923 473 2990 quum
502 2923 606 2990 neque
636 2895 798 2970 Velleium
829 2925 933 2991 neque
963 2905 1045 2990 epus
1076 2907 1146 2971 eius
1179 2915 1445 2991 commemorent,

222 3021 315 3088 taciti
342 3023 583 3109 quodammodo
612 3021 688 3088 huic
718 3022 839 3088 iudicio
869 3025 1021 3090 assentiri
1053 2989 1216 3090 videntur.
1261 3024 1329 3092 Alii
1358 3047 1445 3106 vero,

222 3140 278 3225 qui
299 3141 431 3224 quidem
453 3137 559 3204 multa
578 3141 613 3205 in
635 3137 705 3222 illa,
727 3153 793 3226 qua
814 3139 855 3206 de
869 3140 1048 3209 Tiberiane
1067 3142 1178 3224 agitur
1193 3143 1342 3229 imperio,
1365 3164 1443 3230 ope·

221 3259 267 3323 ris
289 3263 384 3342 parte
407 3275 428 3322 a
449 3257 587 3324 veritate
612 3256 789 3325 abhorrere
819 3259 1022 3340 concedunt,
1044 3260 1166 3345 partim
1192 3261 1234 3326 de
1263 3281 1371 3329 rerum
1394 3263 1445 3330 in-

183 3460 186 3467 ·
222 3375 318 3442 scitia
340 3375 461 3460 partim
491 3373 532 3441 de
561 3375 734 3461 iniquitate
756 3385 940 3463 temporum
967 3377 1159 3465 scriptorem
1192 3387 1443 3448 excusaverunt.

202 3493 364 3572 -Quorum
385 3494 511 3579 primus
542 3492 677 3560 Carolus
700 3493 982 3578 Morgensternius
1004 3494 1039 3562 in
1062 3499 1358 3578 „commentatione
1380 3500 1444 3566 cri·

221 3610 290 3676 tica
321 3609 361 3676 de
390 3594 461 3677 fide
482 3610 639 3678 historica
663 3607 781 3681 Velleii
803 3611 978 3692 Paterculi,
1001 3613 1164 3698 imprimis
1193 3617 1234 3682 de
1257 3615 1444 3684 adulatione

221 3728 251 3794 ei
262 3729 410 3795 obiecta“
425 3747 560 3815 operam
571 3729 671 3805 dedit,
694 3729 901 3798 utaVelleio
924 3730 1111 3798 demoveret
1129 3733 1338 3820 opprobrium
1363 3735 1444 3803 iilud

220 3844 441 3928 adulationis,
474 3847 569 3914 cuius
597 3848 742 3915 criminis
774 3851 918 3916 maxime
948 3850 1116 3932 arguitur,
1148 3859 1246 3934 atque
1280 3871 1353 3916 eum
1377 3874 1443 3921 non

219 3964 370 4031 consulto
397 3966 438 4032 de
468 3963 597 4033 Tiberio
630 3967 763 4053 eiusque
793 3971 903 4033 aetate
934 3966 1020 4033 falsa
1051 3970 1230 4034 memoriae
1261 3969 1441 4038 tradidisse

218 4083 351 4168 planum
373 4083 510 4150 faceret.
553 4082 653 4150 Cuius
675 4088 788 4170 partes
813 4106 911 4172 quum
935 4092 1149 4171 sequerentur
1171 4083 1344 4166 drausius,
1367 4089 1442 4156 Olu-
1472 4136 1475 4140 -

215 4199 302 4278 dius,
324 4183 498 4287 Sauppius,
521 4200 678 4285 Kritzius,
700 4205 756 4289 qui
778 4204 812 4269 in
835 4203 1039 4270 emendando
1063 4211 1096 4270 et
1117 4207 1299 4272 enarrando
1323 4205 1441 4275 Velleii

218 4315 302 4384 libro
327 4317 452 4405 aliquid
468 4319 580 4402 magni
602 4321 868 4408 memorandiquc
891 4321 1077 4405 effecerunt,
1100 4323 1233 4409 eiusque
1246 4327 1440 4392 sententiam

1241 4492 1286 4556 1*
