3150 4764
560 219 882 338 .-8-

27 424 49 462 ⁰
130 435 346 506 admiratione
370 448 402 508 et
421 443 474 521 id,
504 443 591 530 quod
621 463 663 509 ex
685 443 787 510 nimia
810 444 997 511 adulatione
1020 445 1192 512 effluxisse·
1210 443 1350 526 videtur,

127 553 232 622 fidelis
256 557 336 623 civis
359 563 393 625 et
414 559 529 627 militis
552 566 619 639 est,
649 581 746 655 quem
771 567 866 628 caute
888 567 922 628 et
943 563 1079 649 provide
1101 563 1134 628 in
1156 561 1277 627 indicio
1299 562 1349 627 fa·

129 672 245 740 ciendo
271 681 438 744 versatum
462 698 534 746 esse
555 685 647 745 reete
660 678 809 745 Stahrius
832 679 981 745 affirmat.
1027 679 1132 747 Credo
1151 698 1248 765 saepe
1269 680 1350 762 fieri,

127 795 164 853 ut
186 790 324 866 milites,
346 813 427 880 quos
452 797 593 862 eximius
616 796 748 883 quidam
770 815 863 862 amor
887 795 980 862 ducis
1002 801 1101 875 tenet,
1124 797 1243 865 omnia,
1265 814 1349 881 quae

126 911 314 993 pertineant
336 911 380 977 ad
393 931 478 995 eum,
500 913 642 999 probent
658 918 757 1000 atque
778 915 812 979 in
828 913 934 997 gloria
954 926 1086 1001 ponant.
1130 913 1239 981 Etiam
1254 912 1350 980 'libe-

127 1027 211 1092 rium
234 1027 504 1113 inissemagnum
528 1032 643 1097 ducem
665 1033 778 1115 negari
797 1051 864 1097 non
885 1038 999 1118 potest
1048 1030 1085 1099 Id
1107 1033 1266 1100 autemin
1286 1028 1349 1096 du-

127 1143 216 1210 bium
239 1147 421 1213 vocandum
443 1153 510 1227 est,
540 1152 649 1214 utrum
678 1148 842 1231 legionum
872 1149 981 1216 studio
1011 1154 1046 1217 et
1074 1167 1186 1215 amore
1207 1149 1348 1232 Augusti

124 1263 295 1347 privignus
326 1284 362 1332 re
384 1284 464 1332 vera
494 1267 538 1332 sit
568 1285 665 1347 usus,
693 1285 807 1334 necne.
848 1266 995 1336 Velleius
1025 1268 1154 1355 quidem
1176 1266 1347 1334 laetitiam.

124 1399 190 1466 qua
211 1371 375 1449 Tiberium
397 1381 513 1450 Rhodo
535 1403 713 1464 reversum,
736 1405 837 1471 quum
858 1384 901 1452 ad
922 1403 996 1453 eum
1019 1404 1148 1451 summa
1170 1383 1347 1452 bellicen·

124 1479 186 1564 tra*
199 1489 381 1568 Germanos
404 1500 515 1568 delata
543 1508 658 1584 esset,
676 1502 823 1586 legiones
851 1503 1073 1589 recepissent,
1094 1507 1222 1570 tantam
1243 1501 1346 1570 fuisse

124 1618 303 1701 praedicat,
325 1625 363 1686 ut
383 1621 499 1688 ducem
522 1619 761 1706 conspicientes
782 1639 861 1709 prae
884 1621 1004 1703 gaudio
1025 1621 1215 1707 nequissent
1235 1624 1347 1688 tenere

124 1733 281 1803 lacrimas
305 1742 338 1804 et
360 1738 415 1804 vel
435 1757 569 1804 manum
593 1738 663 1805 eios
686 1739 847 1822 attingere
869 1739 1003 1822 gavisae
1024 1744 1143 1805 essent.
1186 1737 1244 1804 Sin
1267 1756 1345 1805 vero

125 1851 272 1920 Suetonii
295 1855 354 1936 (ei.
377 1855 466 1924 Suet.
488 1854 557 1923 Tib.
578 1858 638 1938 42)
662 1857 782 1940 verba,
812 1877 896 1944 quae
918 1861 996 1923 sunt
1017 1856 1059 1925 de
1081 1853 1204 1923 'liberii
1225 1874 1347 1939 eogno-

124 1969 278 2052 minibus,
300 1978 334 2040 et
355 1971 469 2040 Dionis
492 1973 548 2060 (cl.
573 1971 648 2041 Dic.
669 1975 723 2055 55,
744 1975 802 2061 23)
823 1974 962 2042 militum
979 1975 1106 2041 animos
1128 1974 1345 2042 describentis

124 2090 320 2173 recordaris,
342 2093 619 2179 nonfieripotcst,
641 2093 720 2179 quin
732 2091 908 2160 abhorrere
930 2111 1091 2177 agnoscas
1105 2091 1225 2160 Velleii
1247 2092 1346 2158 verba

125 2206 256 2274 omnino
279 2227 300 2274 a
320 2209 393 2277 lide.
436 2211 532 2276 Adde
555 2210 642 2296 quod
672 2211 805 2279 caedem
827 2210 989 2294 legiones,
1021 2230 1158 2297 quarum
1179 2210 1346 2294 singulare

124 2323 310 2394 celebratur
341 2326 507 2405 studium,
537 2329 636 2415 paulo
667 2335 744 2415 post
773 2335 890 2398 eontra
917 2329 1082 2396 Tiberium
1103 2329 1346 2397 rebellaverunt

124 2453 222 2529 atque
240 2433 280 2512 ‘re
302 2447 375 2533 ipsa
394 2444 511 2513 Velleii
534 2445 787 2535 descriptionem
810 2445 1054 2533 quodammodo
1068 2447 1233 2515 refellunt.
1275 2447 1345 2534 Ap·

122 2567 218 2646 paret
238 2563 349 2646 igitur,
371 2584 438 2632 nen
460 2565 580 2651 ubique
602 2584 714 2632 veram
735 2565 987 2633 admirationem
1007 2565 1179 2651 scriptoris
1201 2565 1236 2632 in
1248 2565 1344 2632 Tibe·

122 2681 217 2746 riana
237 2682 379 2766 imagine
402 2682 587 2768 effingenda
609 2682 746 2751 duxisse
767 2683 891 2751 stilum.

206 2800 262 2876 At,
283 2802 445 2887 inquiunt,
468 2823 510 2869 ne
533 2804 641 2889 potuit
663 2801 795 2888 quidem
816 2801 963 2869 Velleius
983 2821 1060 2870 vere
1081 2800 1203 2869 referre
1222 2799 1267 2869 de
1289 2800 1344 2866 Ti·

123 2915 205 2982 berii
227 2920 353 3004 aetate,
381 2927 559 3008 propterea
590 2918 677 3006 quod
709 2920 780 2986 eius
809 2919 989 2986 dominatio
1019 2926 1090 2987 erat
1112 2917 1222 3003 gravis
1244 2924 1343 3005 atque

123 3032 236 3120 iniqua
258 3044 290 3104 et
312 3058 423 3106 omnes
455 3039 628 3127 script-cris
658 3038 812 3126 aequales
842 3039 883 3104 ad
916 3036 1139 3104 adulationem
1160 3055 1343 3123 propensos

123 3171 158 3219 se
182 3154 390 3223 exhibebant.
433 3156 553 3237 Audio,
575 3177 630 3223 res
655 3163 706 3224 est
727 3157 837 3238 digna,
860 3174 943 3240 quae
964 3155 1062 3242 parile
1076 3157 1262 3222 accuratius
1284 3175 1343 3222 ex·

122 3279 275 3355 ponatur.
318 3273 470 3342 Profecto
493 3275 613 3342 Tiberii
635 3274 808 3362 imperium
831 3277 901 3340 tam
924 3274 1075 3341 acerbum
1098 3274 1212 3350 fuisse,
1230 3279 1269 3340 ut
1285 3292 1342 3340 ne·

122 3390 213 3470 mini,
236 3392 442 3478 quaerellet,
465 3391 573 3462 dicere
596 3412 634 3460 ae
651 3394 772 3461 sentire
787 3392 915 3475 liceret,
936 3390 1059 3458 clarum
1075 3392 1211 3478 praebet
1232 3411 1343 3458 exem·

121 3506 211 3593 plum
233 3509 419 3578 Cremutius
441 3509 588 3596 Gordus,
621 3532 717 3599 quem
748 3508 873 3578 nullam
903 3508 1001 3578 aliam
1025 3508 1067 3577 ob
1089 3529 1222 3578 cansam
1243 3529 1341 3578 acen·

123 3631 229 3693 ratum
253 3647 326 3696 esse
350 3630 466 3716 eapitis
490 3632 622 3710 scimus,
644 3631 709 3697 nisi
732 3628 819 3718 quod
842 3631 875 3696 in
897 3627 1070 3695 annalibus
1086 3626 1132 3695 Μ.
1145 3629 1245 3695 Bruto
1268 3627 1340 3695 lau·

122 3745 200 3813 dato
231 3748 267 3814 O.
289 3748 439 3816 Cassium
464 3748 594 3816 dixerat
615 3748 832 3815 Romanorum
855 3747 1006 3814 ultimum
1029 3748 1087 3827 (cf.
1109 3747 1186 3813 Tae.
1209 3767 1262 3813 un.
1283 3743 1339 3812 IV.

121 3865 164 3929 34
186 3870 218 3931 et
239 3866 291 3932 35.
313 3867 403 3933 Suet.
433 3867 503 3936 Tib.
526 3867 578 3937 61.
610 3866 682 3933 Dio.
705 3868 765 3944 57,
787 3867 855 3951 24).
899 3864 935 3931 ld
964 3885 1092 3952 quoque
1123 3863 1339 3931 dubitandum

120 4001 185 4048 rron
209 3987 276 4064 cst,
309 3985 387 4071 quin
415 3985 481 4070 ipsi
510 3990 679 4052 senatores
710 3985 746 4051 in
776 3983 945 4051 servitium
977 3985 1175 4071 praecipites
1203 3982 1340 4071 reliquis

121 4102 400 4170 assentationibus
434 4123 473 4171 ae
497 4102 667 4172 blanditiis
688 4103 943 4189 praecurrerirt't.
987 4099 1207 4170 Nihilominus
1229 4101 1339 4189 aliquo

120 4219 218 4285 modo
241 4221 308 4288 fieri
331 4222 494 4308 potuisse,
516 4227 552 4288 ut
573 4222 724 4292 veritatis
746 4221 886 4303 diligens
910 4223 1051 4307 scriptor
1071 4221 1212 4288 mediam
1236 4240 1337 4308 qnan-

121 4338 195 4402 dam
219 4341 305 4405 viam
328 4341 570 4424 ingrederetur,
601 4360 679 4427 praa
712 4341 831 4408 ceteris
864 4342 960 4407 docet
989 4338 1023 4406 Μ
1056 4338 1219 4425 Lepidus,
1242 4359 1335 4425 quem
