3150 4764
700 290 1000 354 ..25-

238 463 374 527 nutritum
399 474 475 526 ante
497 469 632 527 mortem
657 481 729 527 oum
755 461 905 548 priuigno
928 460 1357 548 irubrrit(ei.l'ei.ll.123l.
1380 457 1463 524 Note

237 579 299 646 boe
320 578 392 646 loco
415 581 447 646 in
463 579 596 645 dubium
620 600 749 674 uocare,
770 579 961 646 Tiberiusne
984 586 1059 647 autc
1082 585 1218 648 mortem
1235 580 1340 646 vitrici
1365 579 1463 642 adre-

236 699 322 764 nerit
349 707 447 784 atquc
476 719 548 764 cum
580 719 617 764 eo
642 699 734 765 curia
756 699 796 764 do
825 699 954 785 imperii
983 704 1073 767 statu
1102 698 1312 779 disseruerit,
1341 696 1463 783 quippe

237 837 334 902 quum
358 818 532 884 nunidem
558 823 688 884 constet
712 817 752 883 de
775 816 836 882 bac
858 839 893 884 re
922 819 1008 885 inter
1038 821 1218 905 scriptores
1272 816 1336 882 Dio
1367 814 1463 884 cuim.

238 954 433 1021 utrumquem
459 935 551 1012 illud,
574 936 830 1022 quod'Veileius
854 938 965 1016 refert,
986 937 1150 1011 Tiberium
1174 937 1321 1004 adfuisse
1348 953 1463 1016 aegro-

236 1054 321 1119 tanti
343 1056 493 1136 Augusto
516 1055 558 1120 ab
580 1072 682 1142 eoqrre
704 1057 859 1121 mandata
881 1057 1043 1142 quaedum
1066 1059 1245 1143 occepisse,
1273 1077 1337 1124 non
1366 1055 1462 1122 omit-

236 1172 586 1254 elemosimarum
611 1175 787 1241 verisimile
818 1195 890 1241 esse
911 1176 1007 1252 dicit,
1037 1176 1185 1259 Augusto
1215 1161 1344 1243 demum
1376 1193 1464 1240 mor-

238 1300 293 1357 tuo
316 1291 500 1379 privignum
525 1294 700 1358 arlvenisse
722 1292 839 1359 Nolam
865 1291 1157 1374 incumbusta.
1200 1275 1335 1381 Aliquid
1358 1292 1464 1358 simile

238 1431 277 1476 ex
301 1409 406 1477 Taciti
430 1412 539 1478 verbis
563 1418 674 1496 potest
706 1413 824 1495 colligi.
869 1411 952 1480 Nam
982 1418 1154 1498 postquam
1184 1414 1464 1490 commemoravit,

238 1548 302 1593 rrou
326 1549 399 1596 csse
419 1531 502 1596 satis
524 1517 738 1617 compertum.
761 1532 910 1597 Tiberius
932 1533 1118 1618 spirantem
1148 1531 1255 1598 adbuc
1280 1534 1461 1616 Augustum

237 1649 323 1733 apud
348 1649 458 1715 urbem
483 1649 599 1716 Nolam
624 1671 664 1715 au
689 1651 871 1716 exanimem
896 1651 1067 1736 repererit,
1089 1649 1155 1717 alio
1177 1650 1249 1718 loco
1281 1653 1321 1718 dc
1349 1669 1463 1736 supro-

236 1769 298 1832 mis
321 1768 461 1850 Augusti
490 1768 695 1835 sermonibus
726 1770 921 1836 mentionem
955 1769 1047 1848 iacit,
1083 1790 1124 1836 ex
1154 1770 1271 1855 quibus
1303 1787 1463 1855 apparere

238 1887 374 1964 ridetur,
403 1907 439 1953 re
461 1905 540 1951 vern
560 1887 722 1953 Tiberium
746 1895 822 1953 unte
853 1896 992 1953 mortum
1025 1888 1199 1955 advenisse
1229 1888 1286 1967 (cf.
1310 1887 1386 1954 Tac.
1410 1908 1464 1953 an.

210 2004 756 2087 *l‚5.1‚1rrSueo.Aug.usr.
807 2007 981 2073 Suetonius
1017 2027 1110 2084 vero,
1148 2007 1203 2095 qui
1233 2007 1397 2092 Tiberium
1430 2013 1463 2072 et

237 2126 344 2191 rivum
381 2126 542 2209 reperisse
579 2125 761 2204 Augustum
797 2131 830 2190 et
867 2145 925 2210 per
962 2133 1065 2192 totum
1101 2126 1186 2192 diem
1220 2146 1286 2192 runa
1320 2146 1391 2192 curn
1425 2145 1463 2190 eo

235 2244 337 2309 fuisse
366 2250 494 2325 narrat,
524 2241 564 2306 de
594 2243 652 2307 irae
684 2263 718 2308 re
749 2263 822 2308 cum
848 2243 972 2310 Velleio
1004 2245 1169 2310 consentit
1200 2244 1255 2331 (ci.
1281 2245 1369 2310 Suet.
1392 2243 1463 2308 Tib.

235 2367 292 2434 21)
348 2363 470 2428 Contra
511 2361 598 2448 quod
635 2360 779 2434 Velleius
817 2361 990 2445 affertde
1026 2363 1167 2446 Augusti
1210 2365 1348 2429 caritate
1383 2380 1463 2443 erga

235 2480 418 2552 Tiberium,
461 2480 525 2545 etsi
562 2483 670 2560 magni
709 2481 845 2546 duxisse
882 2477 1062 2547 Caesareus
1091 2483 1232 2567 privigni
1271 2481 1322 2546 sui
1359 2483 1462 2545 vinu-

236 2617 285 2666 tes
309 2597 443 2666 bellicus
466 2618 505 2664 oe
527 2598 639 2664 civiles
668 2609 798 2665 corrstat
825 2601 882 2677 (ci.
906 2600 1178 2682 saeuitum),
1208 2619 1405 2688 magnopere
1430 2601 1461 2664 in

235 2718 334 2784 dubio
358 2725 409 2783 cst
432 2716 628 2802 peccudum.
672 2717 762 2796 Quae
786 2738 839 2784 res
869 2738 963 2804 quam
988 2739 1067 2784 vera
1088 2719 1141 2796 sit,
1172 2741 1212 2785 ex
1235 2719 1339 2786 Taciti
1369 2722 1463 2802 patet

236 2835 357 2914 verbis,
380 2837 497 2922 quibus
521 2837 638 2901 refert:
662 2837 730 2915 „Ne
746 2835 912 2903 Tiberium
938 2839 1067 2922 quidem
1086 2840 1222 2903 caritate
1239 2843 1296 2903 eut
1313 2838 1362 2902 rei
1379 2836 1462 2922 pub·

235 2956 318 3023 licae
341 2975 420 3021 cura
442 2974 664 3021 successorem
689 2956 870 3031 adscitum;
892 2955 1121 3042 sedquoniam
1141 2957 1368 3037 arlropantiam
1389 2975 1463 3020 sae-

237 3076 414 3160 vitiamque
430 3075 499 3138 eius
522 3075 764 3159 introspexerit,
786 3074 1029 3160 comparatione
1046 3075 1225 3140 deterrima
1241 3075 1305 3141 sibi
1323 3073 1460 3154 gloriam

236 3195 434 3278 quaesivisse
457 3193 512 3260 ici.
531 3190 607 3257 Tac.
625 3213 677 3258 an.
700 3194 834 3270 1‚10r.“
877 3192 950 3259 Huc
973 3212 1070 3279 porro
1091 3198 1252 3278 spectant,
1275 3212 1359 3278 quae
1382 3193 1462 3273 legi·

236 3332 308 3377 mus
331 3313 363 3376 in
388 3310 533 3376 eiusdem
558 3313 729 3396 scriptoris
752 3312 927 3378 annalibus
949 3314 990 3378 dc
1005 3313 1144 3392 Augrrsti
1161 3309 1390 3377 Germanicum
1415 3309 1463 3376 rei

235 3430 402 3496 Romanae
425 3430 612 3515 imponendi
636 3429 785 3512 consilio,
809 3431 894 3515 quod
917 3431 1072 3516 precibus
1097 3403 1333 3510 tapbummodo·
1352 3431 1463 3493 uxoris

236 3547 419 3615 commotus
442 3549 490 3612 ita
513 3551 698 3621 multaverit,
729 3559 766 3614 ut
788 3548 916 3614 Tiberio
940 3548 1179 3626 Germanicum,
1210 3548 1272 3616 sibi
1296 3546 1460 3628 Tiberium

236 3667 413 3732 adsciverit
435 3668 492 3732 ici.
518 3667 594 3732 Tac.
617 3687 669 3733 arr.
692 3666 749 3741 lv.
771 3670 838 3752 bi).
884 3667 971 3732 idem
1003 3669 1069 3732 fere
1092 3667 1155 3733 Dio
1179 3666 1391 3753 comprobare
1414 3668 1462 3729 vi-

235 3787 341 3863 detur,
364 3785 420 3878 quai
444 3803 483 3850 ea
506 3785 547 3850 de
577 3805 677 3852 causa
698 3787 882 3868 Arugrrstum
908 3784 1020 3852 Liviae
1048 3785 1149 3851 filium
1179 3784 1369 3871 adoptatum
1400 3785 1462 3849 sibi

235 3923 458 3970 successorem
484 3905 666 3970 destinasse
689 3905 814 3983 scribit,
848 3924 910 3990 quo
934 3905 1038 3988 magis
1057 3905 1110 3972 sui
1133 3903 1293 3972 desiderio
1326 3903 1463 3970 Romani

235 4029 423 4088 tenerentur
453 4024 562 4108 itaque
592 4024 662 4109 ipsc
692 4023 815 4089 maiore
846 4022 953 4106 gioria
981 4025 1014 4090 in
1046 4033 1212 4111 posterum
1244 4022 1375 4088 floreret
1404 4019 1462 4105 (ei.

235 4139 296 4205 Dio
317 4141 370 4224 56,
391 4140 460 4225 45).
503 4141 617 4228 Neque
640 4161 679 4206 ex
702 4141 850 4208 Suetonii
873 4128 1230 4227 narratione'iguoreri
1254 4147 1372 4228 potest,
1398 4159 1462 4205 non

236 4262 358 4345 pietate
381 4258 438 4325 sed
462 4260 536 4326 aliis
560 4259 849 4327 deliberationibus
874 4239 1005 4328 ductum
1030 4263 1241 4330 constituisse
1264 4261 1462 4343 Augustum,

236 4387 270 4443 ut
293 4379 442 4444 Tiberius
465 4379 527 4446 sibi
552 4381 585 4444 in
609 4399 709 4462 regno
733 4379 924 4448 succederet
946 4383 1003 4467 (ef.
1026 4382 1112 4449 Suet.
1136 4379 1209 4449 Tib.
1232 4381 1297 4454 21).
1341 4379 1463 4448 Claris-
