3150 4764
549 194 979 302 ¹-ns-

215 409 411 478 testimonio.
456 408 573 477 Utrum
608 430 683 475 vero
713 387 862 477 Tiberius
895 431 936 478 an
968 407 1063 476 Livia
1097 387 1226 474 tribuno
1259 405 1439 496 imperavess

214 531 274 608 rit,
310 536 346 597 ut
374 529 525 616 Agrippa
553 551 570 596 e
600 528 709 594 medio
743 529 928 612 tolleretur,
961 550 1026 593 non
1060 527 1141 594 satis
1172 529 1204 593 in
1234 537 1348 614 aperto
1381 536 1441 596 est.

213 648 346 714 Tacitus
381 627 517 735 quidem'
547 668 676 714 omnem
708 647 836 735 culpam
870 649 903 714 in
932 647 1095 714 Tiberium
1130 666 1168 713 uo
1197 646 1323 714 Liviam
1353 647 1440 714 deri-

215 772 271 833 vat
293 767 347 847 (ef.
370 787 421 833 an.
447 767 473 849 Ι,
495 768 541 853 6),
571 765 635 833 Dio
659 774 773 833 contra
794 766 893 854 plane
921 766 1081 846 affirmat,
1105 785 1125 832 a
1145 754 1275 832 Tiberio
1306 766 1439 833 caedem

143 935 147 942 .
214 869 381 973 Agrippae
413 905 486 952 esse
518 887 705 953 mandatam
736 886 791 962 (cf.
820 886 892 952 Dio.
921 885 979 964 57,
1008 887 1054 957 3).
1105 883 1229 961 Quibus
1260 905 1332 976 eum
1361 886 1442 952 Sue·

215 1006 325 1071 tonius
359 1004 513 1070 dissentit
541 1003 591 1070 bis
623 1005 732 1072 verbis
765 1005 805 1072 de
839 1003 954 1070 eadem
982 1024 1017 1070 re
1046 1002 1199 1070 tradens:
1235 1003 1351 1086 „Hunc
1380 1006 1440 1071 tri-

216 1123 321 1191 bunus
343 1124 485 1190 rnilitum
509 1130 618 1190 custos
641 1124 812 1209 adpositus
836 1122 967 1202 occidit,
989 1122 1084 1189 lectis
1108 1121 1280 1199 codicillis,
1312 1123 1440 1211 quibus,

215 1247 253 1308 ut
274 1242 306 1308 id
325 1223 462 1317 faceret,
484 1241 667 1308 iubebatur.
698 1243 787 1322 Quos
805 1242 973 1309 codicillos
990 1241 1123 1308 dubium
1141 1242 1214 1324 fuit,
1230 1242 1440 1326 Augustusne

89 1401 92 1405 -
215 1362 355 1426 moriens
377 1362 573 1450 reliquisset,
606 1383 668 1449 quo
692 1365 864 1429 materiam
885 1361 1044 1427 tumultus
1067 1367 1142 1447 post
1168 1380 1204 1427 se
1234 1360 1441 1437 subduceret,

216 1497 258 1545 an
281 1481 412 1547 nomine
436 1483 574 1566 Augusti
597 1483 700 1562 Livia,
723 1489 756 1548 et
778 1501 827 1552 ea
849 1482 980 1547 conscio
1003 1477 1145 1560 Tiberio,
1170 1500 1212 1545 an
1234 1479 1360 1564 ignaro,
1389 1480 1441 1546 di·

216 1603 340 1665 otasset
368 1599 426 1681 (ei.
448 1601 539 1668 Suet
561 1602 632 1668 Tib.
653 1601 759 1687 22)).ιό
803 1600 910 1678 Quare
939 1601 1136 1686 scriptorum
1165 1583 1353 1666 testimonio
1384 1620 1442 1666 ns·

216 1737 279 1802 que
300 1719 512 1804 imperatoris
535 1703 631 1807 culpa
654 1740 757 1805 nequa
780 1721 849 1785 eius
871 1718 1059 1785 innocentia
1082 1718 1300 1784 demonstrari
1323 1722 1442 1818 potest

217 1833 436 1904 Nihilominus
459 1844 568 1905 autem
592 1841 729 1906 crimine
751 1838 901 1905 Tiberius
931 1855 996 1903 non
1025 1837 1122 1924 plane
1150 1836 1339 1904 liberandus
1369 1857 1444 1938 esso

217 1939 355 2036 videtur,
377 1961 553 2044 propterea
581 1959 665 2046 quod
694 1957 784 2024 solus
813 1957 1020 2024 commodum
1043 1977 1084 2024 ex
1113 1957 1213 2024 caede
1241 1956 1390 2044 percepit
1411 1963 1443 2022 et

217 2083 335 2161 postea
370 2075 500 2142 silentio
539 2098 607 2143 rem
641 2067 845 2157 obliteravit,
887 2074 1013 2144 scilieet
1041 2097 1082 2144 ne
1113 2075 1326 2163 inquisitione
1358 2075 1442 2141 invi·

218 2193 306 2259 diam
329 2194 447 2260 sirium
471 2203 625 2264 moveret.

302 2311 403 2379 Aliud
425 2333 503 2380 vero
525 2317 735 2383 statuendum
759 2323 810 2382 est
832 2314 871 2382 de
893 2305 975 2381 loeis
998 2289 1075 2386 illis,
1098 2313 1156 2400 qui.
1171 2313 1212 2379 ad
1226 2311 1347 2380 Tiberii
1365 2331 1445 2408 erga

219 2431 452 2499 Germanicum
474 2435 616 2502 studium
639 2414 814 2522 pertinent.
858 2434 1061 2521 Quamquam
1084 2432 1169 2500 enim
1185 2431 1332 2498 'multum
1362 2432 1445 2498 adu-

218 2533 351 2621 lationis
372 2555 407 2621 in
434 2553 476 2619 iis
505 2562 556 2621 est
586 2557 746 2641 positum,
779 2574 844 2622 non
874 2561 985 2620 tamen
1016 2553 1151 2619 vitiatae
1182 2550 1258 2618 fidei
1285 2549 1445 2648 Velleium

219 2673 439 2740 accusandum
462 2692 535 2740 csse
556 2693 683 2741 censeo.
728 2673 894 2760 Siquidem
917 2651 1056 2739 aliorum
1080 2671 1182 2739 verba
1210 2673 1243 2737 in
1273 2689 1446 2759 eompara-

219 2793 341 2859 tionem
370 2811 545 2873 vocamus,
577 2813 644 2860 non
675 2793 826 2861 dubitare
858 2811 1052 2880 possumus,
1084 2767 1162 2878 quin
1191 2788 1287 2857 buius
1318 2809 1445 2883 quoque

219 2909 367 2977 criminis
399 2910 541 2999 scriptor
573 2913 618 2980 sit
648 2922 844 2999 compertus.
889 2912 939 2978 lta
968 2912 1070 2978 refert
1097 2909 1229 2977 Tacitus
1260 2910 1301 2976 de
1316 2909 1446 3006 Tiberii

219 3028 346 3095 invidia
369 3037 403 3096 ct
389 3030 500 3097 todio
523 3033 682 3099 adversus
696 3027 938 3110 Germanicum,
965 3025 1084 3118 quibus
1107 3034 1289 3096 commotus
1311 3047 1446 3126 revoca·

219 3127 289 3213 tum
319 3167 361 3214 ex
384 3149 560 3216 Germania
588 3153 629 3218 ad
659 3171 712 3218 res
744 3128 983 3218 ordinandas
975 3171 1008 3219 ιιι
1039 3150 1199 3216 orientem
1232 3119 1359 3215 miserit
1389 3148 1446 3235 (of.

220 3264 297 3336 Tac.
320 3287 373 3334 an.
396 3247 437 3344 ll,
459 3268 535 3336 bet
555 3271 625 3353 26)
669 3269 734 3337 Sed
757 3271 830 3356 quis
852 3291 917 3337 non
939 3293 971 3336 ιιι
974 3268 1121 3352 ellrgrt
1131 3289 1172 3336 ea
1192 3268 1233 3333 de
1256 3286 1358 3334 causa
1377 3265 1447 3334 for

221 3370 313 3452 tasso
331 3385 392 3453 boo
413 3387 538 3455 factum
561 3409 642 3468 esse,
665 3396 701 3455 ut
722 3388 854 3456 inutiles
876 3389 954 3456 illae
975 3388 1202 3475 expeditiones
1228 3394 1344 3452 contra
1364 3385 1447 3453 Ger·

220 3523 335 3571 manos
363 3505 548 3588 finirentur,
581 3508 773 3594 praesertim
800 3481 898 3596 quum
929 3506 1003 3575 aliis
1031 3507 1114 3575 locis
1143 3512 1288 3587 constet,
1319 3522 1394 3590 mag
1396 3505 1448 3570 nis

220 3622 398 3690 bonoribus
421 3624 655 3728 Germanicum
675 3646 700 3706 ς
720 3634 838 3738 patruo
862 3645 935 3694 csse
958 3630 1110 3692 ornatum
1133 3623 1190 3705 (cf.
1211 3624 1287 3690 Tac.
1302 3643 1355 3690 an.
1371 3622 1443 3704 11,⁷
1426 3647 1447 3690 a

221 3748 254 3809 et
274 3742 342 3823 42).
386 3743 442 3824 At,
464 3746 626 3832 inquiunt,
648 3766 706 3850 our
728 3746 859 3813 Cretico
883 3745 995 3844 Silano
1019 3744 1116 3831 Syria
1137 3715 1267 3810 demoto
1289 3741 1347 3808 Gn.
1370 3740 1447 3807 Piso

220 3860 295 3928 boio
317 3862 506 3964 provinciae
528 3872 580 3969 est
601 3865 831 3966 praepositust
874 3837 995 3948 Audio,
1023 3883 1077 3932 res
1097 3868 1149 3931 est
1170 3862 1286 3954 digna,
1319 3860 1361 3957 de
1383 3880 1449 3948 qua

221 3959 409 4062 diligentius
439 3959 586 4084 agamus.
629 3983 714 4050 Nam
738 4005 838 4072 quum
867 3983 922 4052 ille
945 3983 1139 4052 Germanico
1171 3985 1260 4047 osset
1288 3952 1449 4047 allinitate

222 4100 426 4182 coniunctus,
449 4100 502 4168 bio
524 4106 558 4169 et
579 4109 698 4170 natura
725 4105 920 4192 ingenioque
948 4103 1092 4200 insplens
1115 4108 1149 4170 ot
1169 4067 1409 4168 Germanico
1399 4118 1450 4164 rn-

220 4197 431 4301 festissimus,
452 4240 547 4307 quem
570 4218 672 4289 Drusi
700 4221 767 4290 lilio
795 4223 933 4292 insidias
955 4229 1147 4312 paraturum
1170 4239 1243 4288 esso
1271 4215 1449 4314 uerisimile

222 4343 301 4422 erat,
322 4337 420 4407 facile
445 4340 515 4407 fieri
536 4317 658 4426 potest,
679 4335 716 4410 ut
737 4321 901 4411 Tiberium
924 4343 1092 4413 conscium
1108 4338 1289 4407 babeamus
1305 4337 1450 4404 criminis
