3150 4764
601 216 934 313 -1o.-¹

139 388 266 454 frustra
288 388 331 454 ad
354 386 474 456 bellum
496 392 693 474 praeparate
715 406 797 467 esso,
822 388 895 469 nisi,
918 389 973 476 qui
996 387 1053 454 illa
1074 398 1211 473 regeret,
1234 391 1361 476 fuisset,

140 527 182 572 ex
204 505 387 574 adulatorio
422 525 478 573 ore
500 505 636 572 fluxisse
658 505 757 571 facile
779 505 990 589 intelligitur,
1022 508 1082 574 etsi
1105 510 1249 575 omnium
1271 511 1365 578 illius

140 625 260 692 aetatis
283 626 401 690 ducum
425 623 646 690 Romanorum
670 623 818 690 Tiberius
847 624 988 692 fortasse
1011 636 1082 691 erat
1103 628 1246 720 maxime
1268 647 1358 710 egre·

139 745 221 827 gius.
266 743 358 822 Quod
390 743 475 809 idem
507 761 550 808 ex
581 741 642 808 boo
672 741 744 808 loco
775 744 1010 810 assentationis
1033 749 1101 809 tam
1123 744 1237 830 pleno,
1258 743 1296 812 ut
1317 744 1360 813 ed

139 861 388 930 exclamationis
411 861 551 926 formam
573 858 718 926 Velleius
741 860 936 940 descendet,
959 861 1031 928 sine
1054 865 1278 930 controversia
1299 882 1359 950 ap·

138 999 254 1068 parere
285 983 430 1048 videtur:
464 978 524 1062 „In
545 983 722 1065 quaestura
754 978 872 1046 deinde
895 980 1035 1046 remissa
1057 987 1145 1048 sorte
1168 981 1358 1068 provinciae

138 1101 264 1183 legatus
294 1099 437 1164 eiusdem
461 1098 503 1165 ad
526 1099 661 1164 eundem
684 1097 822 1179 missus,
846 1117 926 1182 quas
949 1117 1010 1163 nos
1033 1100 1139 1183 primo
1162 1120 1247 1166 anno
1270 1101 1358 1168 ecies
1382 1117 1384 1122 ·

138 1215 281 1284 bostium
311 1217 467 1284 vidimus!
511 1214 651 1294 Quantis
672 1214 847 1300 prudentia
868 1216 961 1281 ducis
984 1218 1285 1301 opportunitatibus
1306 1217 1358 1285 iu-

138 1336 241 1402 centis
264 1355 375 1400 eorum
393 1335 472 1399 viris
493 1334 663 1400 universas
677 1333 852 1412 evasimus,
873 1331 1019 1400 fudimus
1040 1334 1208 1419 partibus!
1233 1342 1368 1421 quanto·

137 1473 211 1520 eum
241 1455 498 1538 temperamento
531 1451 628 1518 simul
658 1450 810 1517 utilitatis
840 1469 893 1518 res
924 1453 1120 1518 auctoritate
1149 1453 1357 1539 imperatoris

137 1571 192 1654 agi
211 1570 370 1638 vidimus!
394 1588 459 1656 qua
480 1571 654 1656 prudentia
667 1568 804 1635 hiberna
820 1569 984 1655 disposita
1000 1578 1093 1636 sunt!
1118 1575 1241 1656 quanto
1259 1591 1356 1657 opere

136 1687 282 1756 inclusus
312 1688 469 1755 custodiis
500 1687 623 1754 nostris
655 1686 839 1769 exereitus,
870 1707 912 1753 ne
942 1707 1007 1773 qua
1029 1692 1144 1773 posset
1174 1708 1357 1777 erumpere,

135 1807 295 1894 inopsque
325 1807 491 1893 copiarum
521 1810 554 1873 et
581 1807 668 1872 intra
696 1824 732 1872 se
763 1803 878 1871 furens
908 1804 1033 1872 viribus
1056 1807 1161 1873 bostis
1184 1807 1356 1890 elangues-

138 1931 263 1993 ceret“!
287 1925 346 2010 (ef.
369 1926 449 2007 111,
470 1925 517 2008 3).
561 1923 598 1989 ln
619 1944 657 1990 eo
680 1943 779 2010 porro
808 1923 955 1990 adulatio
978 1925 1139 2009 quaedam
1162 1927 1271 2011 posita
1294 1930 1355 2001 est,
1436 2009 1439 2014 Ι

137 2041 227 2130 quod'
254 2044 396 2130 scriptor
423 2042 605 2120 Tiberium,
637 2062 733 2128 quem
766 2051 863 2108 antea
890 2041 925 2107 in
954 2041 1039 2108 bello
1072 2048 1198 2109 tantum
1229 2033 1377 2122 ducem,

137 2166 295 2249 quantum
326 2163 360 2229 in
381 2180 463 2248 pace
485 2161 667 2246 prinoipem
689 2159 891 2237 nominavit,
913 2160 1051 2226 summis
1074 2159 1168 2229 effert
1189 2161 1354 2239 laudibus,

137 2280 225 2366 quod
246 2280 343 2347 utilia
364 2278 515 2363 gloriosis
537 2285 741 2364 anteponens
764 2285 798 2344 et
820 2298 948 2357 eorum,
980 2296 1062 2365 quae
1093 2280 1222 2361 agenda
1251 2284 1355 2363 erant,

136 2401 207 2485 ipse
229 2398 371 2486 optimus
402 2398 503 2482 iudex
534 2415 692 2479 magnas,
715 2416 796 2482 quas
819 2397 974 2462 inunum
997 2394 1103 2463 locum
1125 2406 1278 2481 coegerat
1300 2418 1355 2464 co·

136 2518 220 2603 pies,
242 2521 419 2604 postquam
441 2514 603 2582 intellexit
624 2533 680 2582 eas
702 2533 775 2580 esse
796 2513 949 2596 maiores,
972 2534 1070 2603 quem
1091 2520 1129 2582 ut
1149 2520 1355 2599 regerentur,

136 2619 301 2702 dimittere
332 2635 450 2701 statuit
479 2639 512 2700 et
531 2632 622 2698 nullo
646 2632 843 2699 detrimento
867 2638 1003 2719 eccepto
1026 2634 1060 2700 in
1083 2631 1220 2701 hiberna
1242 2634 1356 2720 dispo·

135 2753 212 2820 suit.
258 2752 465 2839 Quantopere
495 2757 604 2817 autem
635 2750 762 2825 omnia,
793 2770 876 2836 quae
906 2751 1074 2836 pertinent
1105 2753 1148 2818 ad
1178 2750 1356 2829 Tiberium,

137 2890 257 2959 eaeque
278 2891 331 2936 res
353 2870 492 2958 pusillae
514 2869 550 2935 in
571 2869 677 2935 maius
700 2874 898 2951 augeantur,
921 2869 1061 2947 scilieet,
1083 2875 1120 2936 ut
1140 2868 1356 2957 amplificetur

135 2988 242 3073 gloria
261 2990 440 3075 principis,
463 2986 654 3054 ‚clarissime
676 3004 719 3052 ex
739 2985 849 3052 verbis
872 2985 937 3052 illis
958 2991 1068 3074 patet,
1089 2986 1207 3072 quibus
1230 2986 1354 3054 Tiberii

135 3107 338 3192 diligentiam
362 3110 396 3173 et
417 3121 530 3173 euram
550 3104 722 3185 inmilites
744 3104 887 3190 scriptor
900 3103 1056 3191 explieat.
1100 3103 1356 3174 DeGermanioo

137 3231 263 3310 contra,
284 3243 380 3313 quem
403 3222 465 3290 boo
486 3222 571 3290 bello
593 3222 681 3289 baud
702 3221 907 3308 spernendae
929 3223 1061 3290 uirtutis
1084 3224 1265 3309 specimina
1287 3224 1357 3291 edi·

136 3345 226 3412 disse
246 3342 380 3423 scimus,
402 3361 468 3408 non
489 3360 546 3407 suo
568 3339 641 3407 loeo
655 3345 896 3416 commemorat.
919 3343 978 3408 ted
1000 3346 1116 3428 postea
1129 3343 1262 3408 demum
1284 3347 1356 3408 eum

136 3462 277 3530 strictim
294 3461 435 3544 attingit.
467 3459 538 3538 Qua
551 3457 586 3524 iu
601 3478 646 3536 re,
662 3475 860 3544 quamquam
874 3458 983 3533 Dioni,
998 3459 1055 3546 qui
1069 3458 1301 3528 Germanicum
1313 3459 1357 3526 ad

137 3581 318 3648 exereitum
332 3581 465 3645 missum
477 3597 548 3644 esse
561 3576 652 3660 dicit,
669 3597 709 3642 ne
725 3575 845 3642 bellum
861 3575 995 3644 duceret
1003 3576 1160 3653 Tiberius,
1175 3567 1368 3645 assentien?

136 3699 213 3766 dum
237 3716 310 3764 esse
329 3696 409 3764 mibi
431 3717 494 3762 non
513 3694 710 3781 persuadeo,
733 3692 879 3761 Velleius
901 3693 1043 3778 effugere
1061 3713 1130 3761 non
1143 3700 1258 3782 potest
1272 3697 1357 3763 vitu·

135 3816 349 3904 perationem,
364 3814 443 3900 quia
453 3812 575 3882 Tiberii
585 3812 808 3879 tantummodo
824 3811 939 3880 leudes
951 3811 1119 3879 celebrans
1132 3814 1242 3880 omnia
1253 3813 1358 3898 negli-
1383 3843 1386 3848 Α

136 3937 185 4019 git
206 3934 352 4013 silentio,
384 3952 467 4020 quae
488 3931 530 3999 ad
551 3930 644 3996 illum
665 3949 731 3996 non
753 3933 912 4028 speetant:
957 3930 1077 3998 Omnes
1100 3948 1178 3998 vero
1200 3931 1356 4000 laudandi

136 4057 217 4121 fines
239 4053 280 4118 iis
303 4050 385 4118 locis
410 4048 551 4116 Velleius
574 4048 722 4128 excedit,
745 4049 801 4135 qui
823 4052 925 4131 agunt
948 4047 989 4115 de
1011 4049 1112 4117 tertia
1133 4047 1254 4118 Tiberii
1278 4070 1355 4117 oon-

137 4176 192 4238 tra
219 4168 399 4236 Germanos
430 4167 651 4254 expeditione.
695 4165 822 4235 Bellum
852 4167 939 4234 enirn
966 4165 1191 4234 Pannonicum
1225 4169 1356 4255 excepit
