3150 4764
678 292 992 358 ..21-

219 461 299 529 Gaio
323 466 357 529 et
379 463 479 530 Lucio
502 463 697 530 Caesaribus
721 464 868 535 obstaret
889 463 948 548 (ci.
972 464 1007 531 ll.
1025 467 1078 546 99,
1097 468 1141 532 ll.
1185 460 1310 543 Quibus
1333 461 1365 527 in
1390 479 1446 524 ex·

218 581 394 668 plicandis,
424 587 459 647 ut
481 589 608 650 taceam
632 583 672 648 de
694 583 872 650 immodica
895 583 1009 664 laude,
1041 604 1106 672 qua
1129 583 1272 651 Velleius
1295 579 1447 647 hocloco

219 701 384 767 Tiberium
408 703 628 786 prosequitur,
651 721 761 768 veram
780 723 819 768 ac
841 704 1009 789 propriam
1039 703 1203 770 discessus
1230 721 1363 769 causam
1383 718 1447 764 non

219 840 291 886 esse
313 818 445 886 allatam
468 820 566 903 facile
589 828 740 905 apparet.
784 820 856 888 Nun
880 821 1011 908 quidem
1034 821 1164 905 ignoro,
1196 821 1338 908 reliquos
1366 837 1448 905 quo·

218 959 280 1025 que
303 940 481 1026 scriptores
505 938 546 1003 de
571 938 630 1004 bac
653 959 688 1004 re
712 939 886 1007 dissentire
909 945 1007 1026 atque
1030 941 1129 1006 aliurn
1153 940 1251 1006 aliam
1274 941 1344 1005 eius
1373 937 1446 1002 red·

218 1058 296 1123 dere
319 1076 461 1123 causam.
506 1048 637 1124 Tacitus
661 1059 748 1124 enim
771 1058 812 1124 ob
835 1056 936 1125 Iuliae
958 1060 1073 1125 uxoris
1098 1058 1266 1126 infamiam
1282 1055 1445 1124 Tiberium

217 1174 339 1252 Rornae
369 1174 603 1261 relinquendae
633 1177 806 1242 consilium
838 1178 965 1263 cepisse
1002 1185 1117 1245 narrat
1148 1179 1205 1263 (ct.
1234 1177 1310 1244 Tac.
1340 1195 1391 1242 ao.
1421 1172 1448 1256 l,

215 1294 284 1372 53).
330 1295 506 1362 Suetonius
529 1300 645 1361 contra
667 1314 731 1361 non
755 1296 859 1362 solum
884 1298 924 1366 cle
946 1296 1024 1378 illis,
1058 1317 1140 1384 quae
1164 1297 1306 1364 Velleius
1329 1301 1362 1360 et
1383 1291 1446 1358 Ta-

216 1414 302 1479 citus
324 1413 482 1494 referunt,
504 1413 586 1480 iacit
607 1417 816 1491 mentionem,
839 1414 897 1481 sed
920 1415 1019 1481 etiam
1042 1436 1113 1482 eam
1137 1416 1176 1483 ob
1200 1437 1266 1482 rem
1282 1415 1446 1481 Tiberium

217 1531 378 1599 eoirium
402 1541 580 1618 conspectu
605 1532 709 1600 abiise
731 1533 857 1615 scribit,
884 1541 920 1599 ut
943 1535 1045 1600 vitato
1075 1534 1284 1600 adsiduitatis
1313 1533 1446 1598 fastidio

216 1651 445 1717 auctoritatem
471 1670 563 1717 suam
588 1652 737 1718 absentia
760 1655 906 1717 tueretur
929 1657 962 1717 et
984 1672 1079 1738 quam
1109 1654 1255 1718 maximo
1279 1653 1330 1717 sui
1360 1652 1445 1717 desi·

215 1771 307 1836 derio
336 1776 528 1837 tenerentur
558 1773 647 1837 ciros
677 1773 732 1840 tct.
756 1771 827 1837 Tib.
850 1771 914 1851 10).
958 1772 1025 1848 Dio,
1050 1792 1127 1836 vcro
1158 1772 1193 1837 in
1224 1773 1360 1837 historia
1381 1770 1445 1837 Ro·

215 1909 313 1955 mana
337 1889 393 1973 (ci.
415 1889 468 1968 55,
491 1892 526 1963 9)
550 1891 647 1967 dicit,
678 1889 753 1956 Gaii
784 1893 818 1955 et
847 1889 940 1955 Lucii
971 1891 1053 1956 iram
1087 1911 1126 1956 ac
1156 1893 1350 1976 potentiam,
1382 1909 1446 1974 qua

214 2006 391 2075 utebantur
412 2009 498 2096 apud
523 2009 719 2091 Arrgustum,
744 2009 883 2074 ueritum
907 2008 1074 2075 Tiberium
1097 2030 1133 2077 se
1158 2010 1334 2076 contulisse
1358 2008 1444 2073 Rho·

215 2125 303 2192 dum.
348 2126 454 2205 erare
479 2149 576 2213 quum
601 2148 641 2192 ne
665 2130 751 2192 inter
774 2127 927 2214 aequales
951 2129 1080 2213 quidem
1099 2130 1184 2194 idem
1207 2135 1345 2199 constet,
1369 2127 1445 2192 Vel·

214 2242 269 2310 leii
291 2247 437 2311 narratio
461 2247 677 2331 scriptorum,
707 2250 760 2332 qui
790 2249 830 2312 de
855 2248 915 2314 trac
938 2271 971 2315 re
1001 2249 1227 2325 tradiderunt,
1259 2247 1443 2312 testimonio

213 2385 277 2430 nou
301 2373 412 2451 potest
435 2365 549 2431 refelli.
597 2368 749 2431 Attamen
778 2387 842 2432 non
867 2388 906 2433 oa
932 2370 971 2433 de
995 2387 1097 2434 causa
1119 2365 1284 2433 Tiberium
1308 2365 1443 2430 Romam

212 2483 396 2570 reliquisse,
419 2505 458 2550 ne
481 2485 640 2570 privignis
662 2486 756 2549 sirits.
779 2489 954 2571 quominus
972 2496 1246 2573 corrsequereotur
1262 2471 1443 2571 imperium,

211 2603 449 2689 impedimento
472 2611 569 2680 esset,
592 2603 656 2668 iam
681 2623 721 2668 ea
744 2627 778 2669 re
802 2605 1047 2687 intelligendum
1070 2603 1250 2691 esuque
1273 2622 1309 2669 se
1339 2602 1443 2669 absti-

214 2723 286 2788 nuit
308 2722 396 2788 omni
420 2723 511 2801 cibo,
544 2743 641 2807 quum
672 2726 839 2804 Augustus
871 2725 1089 2790 recusavisset
1118 2729 1315 2808 potestatem
1349 2723 1445 2788 dece·

99 2887 111 2908 .
215 2839 325 2907 dendi.
369 2839 452 2906 Nam
479 2841 657 2906 elisur-dum
682 2850 741 2920 est,
763 2846 854 2906 tanto
887 2863 998 2908 amore
1021 2862 1099 2926 erga
1122 2862 1177 2908 eos
1209 2841 1367 2924 flagrasse
1389 2841 1444 2905 Ti-

216 2959 352 3034 berium.
375 2980 455 3046 quos
478 2961 505 3024 ei
531 2961 681 3025 inimicos
704 2959 806 3026 luisse
830 2966 969 3038 constet,
1000 2969 1036 3026 ut
1058 2967 1196 3027 mortem
1228 2960 1293 3026 sibi
1322 2960 1442 3025 inferre

214 3078 368 3150 maluerit
389 3098 486 3164 qoam
509 3077 632 3144 Romae
657 3098 837 3146 remanere.
880 3079 970 3146 ldem
1000 3079 1181 3147 clarissime
1212 3086 1305 3165 patet
1334 3079 1374 3144 eri
1404 3097 1444 3144 ea

214 3216 261 3278 re,
285 3195 371 3283 quod
395 3195 479 3261 adeo
502 3198 644 3280 Augusti
668 3197 798 3262 animus
821 3199 970 3284 privigno
993 3205 1043 3265 est
1070 3199 1248 3265 alienatus.
1279 3206 1314 3263 ut
1344 3197 1442 3262 nullis

214 3316 366 3400 precibus
392 3327 575 3381 commotus
606 3317 640 3381 in
671 3316 782 3407 urbe-m
812 3317 971 3384 redeundi
1003 3320 1133 3384 reniam
1165 3318 1266 3384 daret.
1311 3315 1442 3384 Etenim

214 3433 244 3498 si
266 3433 315 3499 ita
337 3453 391 3500 res
414 3455 449 3499 se
480 3435 666 3518 habuisset,
696 3443 732 3500 ut
755 3434 896 3502 Velleius
929 3438 1038 3518 relect,
1068 3445 1155 3502 certe
1182 3438 1347 3518 Augustus
1376 3455 1441 3500 non

214 3552 433 3620 dubitavisset
467 3553 602 3639 obsequi
636 3554 758 3639 petenti
813 3554 951 3620 Accedit
980 3555 1068 3642 quud
1096 3554 1153 3619 illo
1186 3559 1349 3640 tempore,
1377 3574 1440 3640 quo

213 3670 325 3738 Rhodo
349 3674 536 3738 revertendi
565 3671 754 3738 facultatem
781 3673 896 3753 orarit,
927 3674 1076 3740 Tiberius
1106 3693 1171 3738 non
1203 3673 1309 3738 minus
1341 3691 1440 3758 quam

214 3793 357 3878 quinque
380 3791 474 3855 anuis
496 3797 571 3856 aute
595 3792 740 3856 otrstaret
762 3790 844 3856 Gaio
868 3799 899 3856 et
920 3790 1022 3858 Lucio
1032 3791 1247 3876 domatibus.
1279 3790 1316 3856 ln
1340 3809 1441 3856 causa

212 3909 314 3992 igitur
336 3911 407 3974 eius
429 3929 577 3975 secessus
599 3909 814 3976 describenda
836 3909 994 3976 Velleium
1018 3929 1038 3976 a
1060 3909 1121 3976 lide
1145 3910 1301 3976 historica
1323 3908 1440 3974 ablior-

213 4047 287 4096 rere
309 4029 379 4095 sioe
403 4026 502 4091 dubio
526 4026 642 4094 elucet.
688 4027 867 4114 Praecipue
890 4049 966 4096 veru
989 4028 1237 4116 vituperandum
1263 4035 1320 4104 est,
1353 4029 1440 4114 quod

213 4147 315 4214 refert
347 4146 490 4231 scriptor
519 4144 559 4212 de
590 4146 844 4228 digredientium
873 4148 1046 4214 aTiberio
1080 4147 1192 4215 dolore
1223 4155 1255 4213 et
1283 4145 1439 4227 lacrimis,

213 4266 291 4332 item
315 4266 401 4351 quod
423 4264 561 4347 legimus
591 4265 631 4330 de
654 4263 829 4332 Tiberiano
851 4264 960 4332 Rhodi
990 4265 1069 4348 otio,
1098 4287 1161 4354 quo
1193 4285 1272 4332 usus
1301 4265 1346 4330 sit
1373 4270 1439 4330 tam

215 4381 404 4465 honorifico,
429 4389 464 4449 ut
486 4382 697 4470 proconsules
719 4382 883 4472 legatique
907 4385 1034 4452 visendi
1060 4385 1130 4452 eius
1162 4386 1271 4468 gratia
1302 4383 1343 4450 ad
1366 4403 1438 4450 eum
