3150 4764
620 279 978 344 .-5-

229 450 323 528 bello,
346 452 432 537 quod
455 449 594 515 Romani
615 469 675 535 per
699 467 814 515 novem
838 468 941 515 annos
963 450 998 516 in
1020 447 1198 517 Germania
1218 447 1452 533 Pannoniaque

228 574 419 652 gesserunt,
435 538 568 634 'liberii
597 567 755 653 auspiciis
785 568 970 652 praefectus
993 573 1050 634 aut
1071 566 1199 650 legatus
1221 566 1369 634 interfuit
1390 566 1437 631 ita

228 708 308 774 que,
338 693 378 762 ut
407 687 576 772 scriptoris
609 684 718 752 verbis
748 689 840 766 utar,
871 685 1180 752 eoelestissimorum
1211 686 1280 752 eius
1318 703 1449 770 operum

230 805 335 874 lactus
358 810 409 872 est
430 810 598 890 spectator
615 809 648 870 et
669 802 802 868 adiutor
825 803 884 886 (of.
909 801 947 872 11.
971 803 1043 883 104,
1065 805 1115 886 3).
1160 802 1228 882 Quo
1242 825 1283 872 ex
1305 809 1451 887 tempore

228 924 263 990 in
284 924 433 991 omnibus
455 923 522 989 lere
545 927 694 988 uersatus
718 926 770 988 est
791 920 898 988 bellis.
920 919 1037 1007 quibus
1050 921 1205 988 Romanis
1229 922 1332 1008 copiis
1355 940 1451 1008 prae-

228 1046 300 1110 erat
328 1041 487 1112 Tiberius.
533 1041 615 1106 Nam
647 1061 747 1126 quum
770 1039 911 1126 equestri
933 1037 1052 1105 militia
1073 1039 1166 1105 linita
1192 1045 1344 1125 quaestor
1366 1044 1452 1105 esset

228 1160 429 1242 designatus,
453 1161 618 1224 exercitus
640 1165 779 1244 partem,
803 1177 898 1242 quem
910 1158 1079 1239 Augustus
1102 1159 1251 1244 privigno
1274 1178 1333 1224 suo
1357 1159 1450 1224 auxi-

228 1276 273 1343 lio
296 1277 395 1354 misit,
418 1277 452 1342 in
475 1275 674 1342 Pannoniam
699 1277 740 1341 ad
764 1296 835 1340 eum
860 1275 1016 1362 perduxit
1038 1275 1159 1360 (8111.
1184 1279 1255 1359 111,
1277 1277 1324 1369 3).
1368 1275 1448 1344 Cum

229 1394 302 1463 aliis
335 1395 453 1462 deinde
477 1395 593 1476 legatis
621 1395 826 1479 praepositus
860 1400 910 1459 est
938 1393 1101 1469 hibernis,
1133 1396 1168 1460 in
1198 1415 1280 1481 quae
1309 1393 1449 1461 Sisciam

228 1532 399 1597 regressus
422 1533 567 1580 summus
590 1512 659 1578 dux
679 1510 826 1595 legiones
849 1509 1008 1579 diviserat
1029 1512 1194 1579 hiemandi
1209 1533 1309 1580 eausa
1331 1511 1449 1596 (8111.

230 1633 308 1714 113,
330 1631 376 1718 3).
421 1631 634 1717 Expeditioni
666 1648 810 1717 quoque,
832 1649 948 1716 quam,
979 1650 1021 1697 ne
1043 1629 1172 1698 Galliae
1193 1632 1273 1698 lines
1297 1650 1370 1698 eum
1395 1649 1449 1697 88-

227 1750 292 1837 piis
316 1749 473 1818 Germani
502 1747 713 1831 invaderent,
744 1746 885 1814 Romani
908 1754 1123 1834 susceperuut
1143 1748 1320 1815 Pannoniis
1343 1750 1447 1815 118888

228 1869 367 1955 imperio
385 1867 552 1948 subiectis,
575 1866 735 1934 Velleium
748 1864 896 1933 adfuisse
918 1867 1088 1953 exipsius
1111 1866 1242 1953 quidem
1265 1867 1373 1934 verbis
1395 1887 1448 1932 sa·

228 1986 272 2052 tis
294 2005 361 2052 non
373 1991 475 2072 patet.
520 1984 585 2052 Sed
599 2003 638 2052 ea
660 1984 701 2052 de
725 2002 826 2051 causa
849 1983 1077 2050 affirmandum
1092 1990 1143 2051 est
1164 2005 1222 2070 pro
1238 1990 1338 2064 certo,
1361 1970 1455 2069 quod*

228 2104 292 2170 alio
323 2103 395 2171 loco
428 2103 469 2171 de
499 2123 616 2172 nouem
639 2103 733 2168 aunis
757 2105 1009 2183 commemorat,
1041 2103 1158 2188 quibus
1189 2101 1309 2168 Tiberii
1339 2105 1448 2168 castra

228 2228 361 2289 secutus
384 2222 497 2302 sit(ci.
521 2221 565 2288 11.
589 2222 661 2299 104,
684 2223 729 2287 31.
774 2219 913 2285 Romam
935 2220 1174 2287 indereversus
1197 2221 1269 2306 ipsc
1291 2227 1323 2286 et
1344 2220 1448 2286 irater

226 2339 443 2427 triumphum,
475 2359 571 2426 quem
593 2337 743 2404 Tiberius
768 2337 808 2404 de
822 2336 1008 2405 Pannoniis
1030 2337 1254 2424 Delmatisque
1276 2339 1343 2420 egit
1366 2337 1447 2406 Ger·

226 2458 357 2524 manico
380 2477 507 2544 quoque
528 2455 614 2523 bello
638 2456 740 2538 finito,
761 2457 846 2522 inter
870 2457 958 2522 viros
980 2456 1175 2542 praecipuos
1199 2457 1447 2542 praecipuisque

227 2576 322 2642 donis
346 2575 522 2642 adornatos
546 2572 889 2650 8881888811(81.ΙΙ.
915 2574 993 2656 121,
1015 2574 1062 2660 4).
1106 2574 1185 2643 Cum
1208 2577 1321 2640 eodem
1345 2575 1446 2641 fratre

228 2693 354 2760 duobus
386 2699 465 2780 post
491 2693 586 2759 annis
616 2692 646 2760 ei
675 2691 831 2775 contigit,
862 2698 899 2758 ut
926 2695 1062 2779 praetor
1093 2693 1312 2760 destinaretur
1341 2694 1445 2779 primo

226 2809 556 2898 Tiberianiimperii
586 2829 672 2876 anno
704 2809 997 2893 (81.11,124,4).
1042 2810 1110 2890 Quo
1141 2831 1274 2877 munere
1305 2810 1446 2876 admini-

206 2913 208 2918 ’
228 2934 334 2996 811818
357 2949 458 3015 usque
491 2927 535 2994 ad
564 2928 606 2995 M.
639 2927 760 2995 Vinicii
783 2928 1007 3007 consulatum,
1036 2928 1079 2995 ad
1102 2949 1197 3017 quem
1221 2927 1445 3012 gratulaturus

224 3047 346 3114 librum
368 3048 469 3127 misit,
491 3045 565 3112 aliis
579 3067 651 3112 eum
672 3047 819 3114 functum
833 3066 899 3113 non
921 3065 992 3114 esse
1013 3046 1200 3127 honoribus,
1223 3067 1317 3132 quum
1342 3045 1446 3111 nullo-

226 3186 299 3232 rum
320 3165 423 3233 faciat
443 3165 660 3246 mentionem,
681 3163 859 3233 verisimile
881 3169 941 3231 881.
984 3163 1097 3250 Neque
1120 3164 1160 3232 de
1181 3163 1310 3250 reliqua
1331 3163 1446 3230 Velleii

196 3293 200 3301 '
223 3285 312 3352 vitae
333 3289 439 3371 parte,
461 3283 622 3367 quomodo
645 3285 839 3369 quandoque
863 3281 982 3348 obierit
998 3289 1146 3362 mortem,
1170 3289 1261 3349 88118
1282 3281 1445 3369 quaedam

224 3401 336 3470 afferri
358 3405 505 3488 possunt.
550 3400 633 3467 Nam
657 3421 715 3482 ea,
744 3419 827 3486 quae
859 3400 900 3468 de
924 3398 1096 3466 consulatu
1128 3399 1179 3466 vel
1209 3399 1250 3467 de
1272 3400 1445 3487 supplicio,

224 3540 287 3606 quo
310 3517 407 3586 simul
430 3518 565 3585 affectus
588 3520 631 3584 slt
653 3520 794 3604 scriptor
817 3537 888 3584 cum
912 3519 1039 3599 Seiano,
1062 3516 1210 3583 nonnulli
1226 3520 1444 3605 suspicantur,

222 3640 256 3704 in
287 3637 484 3705 coniecturis
514 3641 640 3703 tantum
670 3638 780 3722 posita
811 3656 900 3716 8888,
931 3635 1017 3701 haud
1040 3636 1138 3702 dubie
1161 3641 1310 3722 apparet.
1354 3635 1443 3704 Haec

5 3740 27 3771 “
94 3817 99 3826 ,
222 3763 348 3836 lamen,
372 3775 470 3842 quum
494 3755 536 3820 ad
559 3774 615 3835 aa,
647 3774 730 3841 quae
752 3753 845 3820 nobis
868 3756 935 3842 sint
957 3754 1193 3836 examinanda,
1213 3773 1278 3820 non
1300 3755 1445 3840 pertine-

222 3881 290 3956 ant,
312 3891 592 3958 supervacaueum
623 3879 672 3938 est
700 3873 833 3939 uberius
856 3876 1008 3938 tractare.
1054 3873 1117 3940 Sed
1140 3873 1173 3938 in
1194 3872 1314 3939 Tiberii
1337 3877 1444 3941 aetate

221 3992 437 4058 describenda
468 3990 612 4072 Velleio,
645 4010 739 4076 quem
762 3989 898 4056 militem
917 3991 952 4056 ’81
974 3990 1091 4057 deinde
1113 3992 1146 4056 in
1169 3989 1245 4056 aula
1266 3989 1359 4057 huius
1381 3991 1443 4056 im-

125 4170 141 4198 ,
221 4109 385 4196 peratoris
397 4108 535 4176 multum
550 4109 638 4174 vitae
652 4107 820 4192 degentem
839 4109 1059 4190 eognovimus,
1081 4128 1191 4175 verum
1215 4108 1368 4175 iudicium
1392 4109 1443 4174 ia-

222 4247 294 4292 cere
317 4227 462 4310 licuisse,
485 4227 566 4293 satis
589 4225 715 4293 elucere
737 4225 865 4292 uidetur
880 4246 920 4292 er
943 4226 995 4306 iis,
1018 4245 1101 4312 quse
1117 4244 1217 4312 supra
1238 4232 1313 4294 sunt
1338 4227 1442 4312 expli·

222 4351 306 4413 eata.
