3150 4764
689 277 965 339 ..9.-

222 452 359 516 summis
380 452 558 519 honoribus
583 450 728 542 functum
744 449 879 516 Tacitus
902 447 958 534 (ol.
981 446 1059 513 Tac.
1081 467 1132 512 an.
1157 447 1216 531 ΙΙΙ,
1236 447 1287 513 35,
1311 444 1367 528 lll,
1388 444 1457 510 50.·
1565 425 1573 485 s

222 567 284 648 lv,
307 570 359 635 20.
383 567 445 648 lv,
466 570 520 635 56.
543 567 595 636 Ἧι
619 569 654 654 6)
686 566 839 634 laudibus
869 567 980 644 effert,
1014 567 1102 650 quod
1132 565 1262 631 Tiberio
1292 563 1442 650 principe

220 685 343 772 absque
372 688 474 752 nimia
504 686 644 752 audacia
674 705 715 753 ac
746 686 856 752 servili
889 661 998 750 animo
1029 683 1206 770 prudenter
1235 681 1388 750 vitaverit
1410 688 1442 747 et

222 801 494 898 calumniatorum
526 803 665 870 insidias
695 810 729 871 et
755 805 923 870 invidiam.
968 803 1061 880 Quod
1091 800 1276 886 exemplum
1299 802 1442 866 secutus,

220 940 287 986 non
309 927 347 988 ut
377 922 543 989 Tiberium
575 924 776 1008 vituperaret
806 919 867 988 sed
897 920 1031 1008 parcius
1063 919 1097 985 in
1121 939 1159 984 eo
1182 917 1347 984 laudando
1370 935 1442 982 ver-

221 1044 366 1121 saretur,
393 1038 540 1108 Velleius
571 1061 678 1126 neque
706 1039 775 1106 ulla
795 1038 926 1106 macula
946 1038 1067 1103 lamam
1091 1035 1178 1123 apud
1201 1042 1349 1122 posteros
1371 1033 1441 1100 vio-

219 1155 289 1222 lare
320 1162 354 1223 et
383 1157 485 1225 vitam
517 1178 538 1225 a
567 1156 724 1246 periculis
756 1156 1011 1243 tutam,degere
1041 1155 1160 1240 potuit.
1204 1153 1299 1219 Nunc
1320 1157 1441 1227 autem,

221 1292 318 1359 quum
340 1277 428 1341 omni
456 1276 683 1348 moderatione
713 1275 829 1342 relicta
849 1275 947 1340 nimis
972 1271 1081 1340 effusis
1102 1271 1254 1339 laudibus
1276 1269 1441 1338 Tiberium

221 1396 456 1477 prosequatur,
488 1396 619 1460 omnino
649 1415 715 1460 non
746 1393 813 1460 illis
844 1393 1087 1460 assentiendum
1111 1409 1183 1456 esse
1205 1390 1363 1469 arbitror,
1387 1388 1442 1474 qui

220 1509 417 1578 exstiterunt
438 1513 608 1598 scriptoris
630 1511 828 1579 defensores.

304 1628 416 1715 Neque
439 1649 477 1697 eo
500 1629 644 1698 Velleius
666 1629 872 1698 excusandus
894 1633 960 1707 est,
983 1628 1070 1713 quod
1091 1625 1205 1692 dicunt
1226 1623 1294 1705 alii,
1316 1622 1440 1690 nnllam

220 1746 374 1833 scriptori
404 1747 509 1815 fuisse
541 1767 634 1835 spem
663 1748 749 1824 fore,
779 1752 816 1812 ut
844 1745 1044 1813 adulationis
1073 1743 1230 1830 praemiis
1261 1761 1282 1808 a
1311 1742 1440 1810 Tiberio

219 1864 416 1950 afficeretur,
439 1867 559 1953 quippe
575 1886 674 1953 quum
690 1864 810 1931 librum
832 1866 875 1931 ad
897 1863 940 1930 M.
957 1862 1119 1930 Vinicium
1137 1861 1305 1928 consulem
1327 1866 1441 1944 gratu·

220 1980 354 2050 landum
377 1985 575 2070 scripsisset.
618 1983 748 2052 Etenim
770 1983 799 2050 si
820 1988 915 2050 taeeo
938 1984 978 2049 de
1006 1979 1150 2066 Adolpbi
1172 1978 1348 2047 Schmidtii
1370 1977 1440 2064 opi-

219 2101 335 2174 nione,
357 2103 410 2189 qui
434 2103 506 2190 ipso
528 2079 676 2188 principe
699 2101 896 2168 adhortante
921 2099 1077 2166 Velleium
1100 2075 1325 2184 composuisse
1346 2094 1441 2163 libel-

213 2216 287 2302 lum
311 2224 439 2303 censet,
469 2227 580 2288 tamen
608 2241 673 2286 non
701 2226 813 2306 potest
834 2219 995 2298 dubitari,
1018 2219 1096 2304 quin
1118 2218 1266 2286 Tiberius
1288 2214 1440 2281 notitiam

222 2337 291 2402 eius
315 2344 509 2406 consecutus
532 2340 584 2405 sit.
629 2337 700 2406 Hoc
722 2359 799 2405 vero
822 2339 919 2404 modo
944 2357 1001 2416 ea,
1024 2357 1107 2422 quae
1128 2335 1315 2402 intenderat
1333 2333 1442 2418 serip-

220 2458 290 2530 tor,
322 2448 453 2523 facilius
475 2458 677 2545 perficienda
704 2455 807 2544 fuisse
837 2457 907 2522 sine
939 2453 1036 2522 dubio
1067 2455 1181 2522 elucet.
1226 2453 1311 2520 Nam
1341 2452 1440 2516 nimis

218 2573 393 2642 manifesto
425 2575 552 2659 gratiae
584 2575 779 2642 ambiendae
810 2573 920 2640 studio
952 2573 1126 2639 admodum
1159 2578 1231 2640 erat
1251 2571 1442 2647 timendum,

219 2712 260 2758 ne
281 2691 425 2777 Tiberii,
458 2700 494 2761 ut
522 2699 593 2760 erat
623 2693 675 2758 vir
706 2693 862 2779 suspicax
890 2696 923 2758 et
952 2697 1068 2757 natura
1089 2693 1178 2758 tristi
1201 2711 1240 2756 ao
1262 2689 1441 2767 recondita,

220 2812 419 2877 excitaretur
448 2812 515 2890 ira,
544 2805 739 2898 praesertim
771 2830 870 2897 quum
902 2810 1081 2877 assentatio
1113 2809 1244 2875 humilis
1274 2807 1304 2874 ei
1326 2806 1442 2871 odiosa

219 2934 316 2994 esset.
361 2929 472 3018 Itaque
488 2933 585 2996 etiam
608 2928 694 2996 hano
716 2929 757 3009 ob
780 2947 847 2994 rem
864 2926 932 2992 fieri
954 2947 1020 2992 non
1042 2934 1162 3013 potest,
1185 2934 1221 2993 ut
1243 2925 1441 3016 adulationis

219 3047 345 3114 crimen
367 3067 387 3114 a
407 3046 655 3114 Velleiototnm
680 3057 881 3114 amoveatur.

303 3164 405 3232 Immo
427 3167 536 3252 potius
560 3166 625 3232 alia
647 3174 734 3240 sunt,
756 3185 850 3252 quae,
873 3187 912 3232 ne
935 3165 996 3233 hoc
1018 3165 1091 3246 fiat,
1113 3163 1284 3250 probibere
1305 3160 1441 3229 videan-

219 3287 282 3371 tur.
326 3283 398 3350 Huo
419 3286 595 3372 portinent,
619 3303 701 3370 quae
722 3284 860 3367 legimus
883 3285 1035 3368 devisis,
1058 3285 1114 3371 qui
1136 3282 1310 3350 Tiberiana
1331 3285 1440 3348 aetate

219 3401 267 3468 rei
288 3391 440 3487 publicae
461 3403 650 3470 muneribus
672 3404 776 3470 iuncti
800 3409 886 3470 sunt.
930 3403 1013 3470 Nam
1037 3404 1070 3468 in
1091 3401 1203 3468 eorum
1226 3400 1296 3467 vita
1318 3399 1440 3466 deseri-

220 3518 327 3586 benda
347 3523 396 3587 ita
416 3505 626 3607 imperatoris
648 3521 807 3587 rationem
831 3521 940 3600 babet,
963 3527 999 3588 ut
1021 3519 1107 3596 illos,
1130 3520 1185 3605 qui
1201 3516 1439 3585 necessitudine

220 3638 271 3704 vel
291 3639 515 3706 familiaritate
539 3661 611 3705 curn
635 3659 673 3705 eo
697 3641 861 3706 coniuncti
882 3640 1022 3721 tuerint,
1054 3639 1267 3724 amplissimis
1287 3635 1439 3703 laudibus

219 3757 367 3838 extollat,
390 3760 460 3824 eius
482 3748 692 3825 adversarios
713 3767 929 3845 persequatur
950 3757 1115 3824 conviciis.
1159 3758 1227 3835 Quo
1250 3755 1282 3820 in
1307 3772 1438 3820 numero

218 3876 392 3961 ponendus
414 3886 465 3943 est
487 3877 519 3945 0.
543 3875 681 3957 Caesar,
711 3897 806 3964 quem
828 3878 977 3941 iuvenem
1001 3875 1042 3942 ab
1065 3875 1128 3942 alio
1152 3873 1241 3939 nullo
1263 3871 1440 3959 reprehen-

219 3989 299 4060 sum
317 3995 462 4062 Velleius
484 3996 684 4082 turpissimis
706 3995 896 4062 libidinibus
911 3994 1086 4061 obnoxium
1109 3993 1343 4068 fuisse·'tradit,
1367 3989 1434 4075 qui·

220 4110 279 4178 bus
301 4119 483 4180 commotus
512 4113 666 4180 maluerit
696 4113 730 4179 in
760 4112 873 4179 ultimo
898 4131 936 4178 ao
959 4111 1176 4178 remotissimo
1199 4117 1360 4177 terrarum
1385 4127 1439 4172 οι·-

219 4229 269 4296 bis
292 4231 410 4315 angulo
434 4251 666 4300 consenescere
689 4250 787 4317 quam
808 4231 944 4296 Romam
967 4229 1106 4312 regredi.
1151 4227 1256 4296 Simili
1277 4227 1373 4292 modo
1394 4224 1438 4292 Μ.

218 4349 361 4431 Lollius,
392 4371 489 4436 quem
520 4350 554 4419 (l.
577 4349 728 4446 Caesaris
761 4349 903 4416 amioum
936 4355 968 4415 et
998 4348 1038 4414 ob
1070 4348 1103 4413 id
1125 4347 1245 4413 Tiberii
1268 4345 1437 4411 inimicum
