3150 4764
609 255 906 318 ..21-

144 423 261 489 moniis
291 423 414 509 elueet,
444 447 463 490 a
493 427 616 512 pietate
645 427 744 492 luisse
777 425 917 491 alienum
942 425 1063 492 Tiberii
1092 428 1234 492 auiurum
1269 449 1369 514 ireque

143 544 324 624 Augustum
349 552 497 611 naturam
521 564 691 632 moresque
712 546 792 618 eius,
822 551 1023 632 quantopere
1052 544 1175 612 fuerint
1204 567 1370 633 perversa,

143 661 356 741 ignoravisse.
401 663 473 730 Huc
503 672 670 750 spectant,
703 684 786 749 qnae
817 668 930 729 narrat
957 665 1102 749 scriptor
1132 666 1235 739 idern,
1271 685 1370 752 seepe

143 779 306 846 Tiberium
330 780 410 847 illud
432 782 599 870 Euripidis
622 784 830 849 recitavisse:
853 781 1040 864 „Deflagret
1062 785 1167 848 omnis
1190 793 1280 850 terra
1302 806 1370 850 me·

143 907 211 964 met
234 905 391 968 mortuo‘·.
438 901 519 968 Nara
544 903 706 968 homiuem
731 923 767 967 eo
791 903 900 966 animo
921 900 1082 968 indutum.
1110 911 1147 969 ut
1169 904 1220 968 sui
1242 909 1367 969 tantum

143 1017 308 1084 commodi
330 1022 489 1086 rationem
513 1020 648 1087 haberet
671 1027 703 1087 et
725 1020 851 1106 reliqua
871 1040 952 1107 prae
975 1041 1009 1087 se
1032 1020 1227 1105 negligeret,
1259 1024 1370 1111 apie-

143 1139 221 1203 tatis
243 1141 364 1206 virtute
387 1139 489 1205 fuisse
512 1141 766 1217 alienissimum,
789 1141 831 1205 ad
861 1140 1059 1207 euidentiam
1089 1148 1192 1227 patet.
1236 1141 1368 1228 Aliquid
1422 1205 1431 1220 ,

142 1257 249 1322 similo
271 1260 389 1324 eadere
412 1259 542 1326 ridetur
564 1260 596 1324 iu
620 1258 710 1324 illam
732 1259 875 1340 Augusti
896 1278 1027 1325 vocem:
1063 1259 1241 1339 „Miserum
1265 1279 1369 1346 popu-

143 1373 206 1438 lum
231 1375 423 1455 Remurium,
455 1378 508 1464 qui
532 1378 591 1445 sub
620 1385 689 1444 tam
718 1377 816 1444 lentis
842 1377 986 1442 maxillis
1017 1379 1080 1444 erit
1108 1377 1165 1458 (ef.
1188 1379 1275 1445 Suet.
1298 1378 1367 1444 Tib.

143 1495 230 1570 2l)“.
277 1493 479 1582 Quamquam
504 1497 590 1562 euim
613 1496 689 1562 nolo
715 1496 928 1582 pertinaciter
956 1495 1108 1564 insistere
1130 1500 1164 1564 in
1189 1497 1248 1564 boo
1271 1517 1369 1580 argu·

141 1619 382 1699 malequam
407 1615 504 1682 laeile
527 1636 636 1682 rumor
659 1615 899 1702 comprobetur,
929 1621 1038 1682 tamen
1063 1615 1171 1698 colligi
1196 1623 1305 1702 potest
1326 1635 1367 1688 ex

142 1751 191 1807 eo,
211 1745 276 1795 uon
301 1734 638 1814 nesorise'uomanos,
669 1735 755 1821 quod
778 1735 895 1800 fnisset
924 1754 1035 1799 verum
1058 1735 1200 1816 Augusti
1230 1734 1271 1799 de
1300 1735 1367 1819 pri-

140 1850 238 1929 vigno
268 1852 433 1918 iudicium.
479 1855 591 1939 Neque
623 1853 727 1918 solum
757 1861 912 1940 proveeta
938 1858 1047 1919 aetate
1069 1852 1235 1918 Tiberium
1264 1852 1368 1919 fuisse

140 1966 258 2033 immiti
281 1977 378 2056 atque
396 1973 488 2038 tristi
509 1973 652 2054 ingenio,
675 1975 732 2038 sed
756 1974 820 2037 iem
839 1990 973 2057 puerum
996 1992 1031 2037 se
1051 1970 1239 2038 exhibuisse
1256 1970 1367 2050 talem,
1397 2019 1400 2024 .

140 2085 246 2168 qualis
269 2100 386 2173 postea
408 2100 460 2158 est
482 2092 640 2172 cognitus.
669 2090 852 2177 percipitur
874 2108 917 2154 ex
939 2089 1046 2156 verbis
1069 2089 1146 2171 illis,
1175 2109 1257 2176 quae
1286 2090 1366 2173 legi·

139 2223 212 2269 mus
245 2211 329 2293 apud
361 2210 568 2277 Suetonium:
601 2210 728 2288 „Saeva
758 2230 797 2276 ae
826 2207 917 2274 lenta
945 2213 1063 2290 natura
1084 2208 1234 2285 ‹Tiberii›
1265 2228 1305 2274 ue
1333 2209 1367 2274 in

140 2343 241 2406 puero
265 2329 393 2411 qrrirlem
417 2329 526 2409 latuit,
555 2350 649 2416 quam
673 2327 861 2395 Theodorus
885 2326 1054 2393 Gadareus
1084 2326 1266 2392 rhetoricae
1289 2346 1367 2411 pra-

140 2452 264 2528 eeptor.
287 2450 320 2512 et
343 2451 550 2535 perspexisse
572 2450 696 2535 primus
719 2448 892 2530 sagaciter.
915 2449 949 2510 et
966 2441 1178 2511 assimulasse
1194 2445 1367 2530 aptissime

141 2561 229 2628 risus
252 2575 317 2645 est,
346 2568 485 2633 subinde
515 2570 547 2633 in
577 2566 780 2648 obiurgando
811 2565 959 2650 apellens
989 2582 1082 2638 eum,
1112 2561 1221 2650 araldo
1244 2562 1365 2649 αἵματι

140 2682 409 2772 πεφυραμε’νον.“
453 2686 542 2766 Quae
566 2705 663 2772 quum
686 2688 734 2751 ita
754 2684 822 2750 sint
840 2683 993 2759 Velleius,
1017 2702 1112 2768 quem
1130 2682 1250 2749 Tiberii
1273 2685 1366 2766 inge-

139 2801 227 2867 nium
250 2807 457 2891 perspexisse
481 2805 566 2871 baud
587 2804 700 2886 negari
722 2808 840 2889 potest,
873 2806 970 2868 certe·
985 2801 1017 2866 in
1041 2802 1111 2867 eius
1139 2803 1263 2886 pietate
1293 2801 1366 2868 leu-

139 2919 249 2986 danda
268 2924 451 2991 adulatorie
472 2932 523 2990 est
549 2929 709 2990 versatus.
806 2983 808 2986 ,

223 3041 347 3126 Aperte
372 3063 500 3130 quoqne
530 3043 672 3129 scriptor
700 3038 908 3106 adulatorio
933 3037 1021 3115 loeo,
1052 3040 1107 3124 qui
1138 3036 1283 3104 celebrat
1310 3037 1365 3103 Ti·

139 3155 218 3223 berii
243 3161 498 3228 moderationem
523 3162 557 3226 in
581 3182 617 3228 eo
643 3161 798 3246 positam,
826 3156 925 3239 quod,
950 3177 1048 3244 quum
1072 3159 1143 3222 sine
1173 3157 1241 3222 ulle
1269 3157 1365 3223 dubi-

137 3279 262 3344 tatione
294 3287 418 3360 septem
450 3279 645 3367 triumplros
665 3279 803 3343 meritus
830 3279 891 3356 sit,
910 3277 1030 3343 'tribus
1061 3277 1161 3343 luerit
1190 3281 1363 3342 corateutus

138 3396 195 3475 (ol.
220 3395 257 3463 ll.
282 3400 370 3484 122).
413 3401 496 3467 Nam
520 3405 557 3464 ut
579 3398 708 3464 silentio
731 3404 951 3483 praeteream,
982 3415 1065 3481 quae
1094 3373 1262 3481 explicata
1290 3399 1365 3460 srrnt

138 3523 236 3581 autea
258 3520 298 3583 de
319 3517 440 3592 Tiberii
464 3520 582 3584 virtute
613 3517 731 3584 bellica
753 3523 785 3581 et
806 3513 904 3580 rebus
927 3515 1040 3596 gestis,
1070 3515 1134 3580 iam
1159 3533 1199 3580 ea
1221 3532 1258 3578 re
1281 3513 1365 3578 salsa

137 3653 208 3700 esse
233 3634 313 3702 bueo
335 3638 434 3703 verbu
462 3637 673 3719 intelligitur,
706 3635 792 3721 quod
815 3654 880 3698 nou
910 3639 982 3699 erut
1004 3632 1126 3698 Tiberii
1154 3636 1363 3706 eonstituere,

137 3755 265 3834 quoties
287 3754 516 3842 triumpharet.
540 3754 598 3823 sed
622 3753 773 3835 Augusti.
818 3751 912 3818 Adde
936 3752 1022 3837 quod
1047 3751 1153 3817 Taciti
1177 3752 1363 3818 testimonio

137 3873 193 3945 tel.
218 3874 292 3938 Teo.
317 3894 368 3941 arr.
393 3875 449 3941 Ill.
472 3876 529 3960 47)
552 3874 761 3955 arrogantiae
785 3873 893 3958 potius
923 3869 1102 3957 imperator
1131 3877 1183 3936 est
1210 3871 1364 3936 incusan-

136 3993 197 4056 dus
220 4013 324 4078 neque
346 3993 523 4069 dubitabis,
552 3993 632 4079 quin
654 3991 809 4058 adolendi
831 3990 942 4056 studio
965 3992 1035 4056 eius
1057 3991 1175 4055 merita
1198 4008 1218 4055 a
1241 3987 1363 4054 Velleio

136 4111 234 4177 nimis
257 4112 324 4178 sint
345 4112 556 4198 aurplifieala.

220 4229 270 4295 Ex
294 4231 405 4297 eodem
430 4229 621 4298 assentandi
643 4229 752 4296 studio
776 4228 871 4295 fluxit
893 4229 992 4294 etiarn
1020 4227 1167 4293 namatio
1189 4225 1257 4306 illa,
1280 4245 1363 4311 quae

137 4351 206 4430 gait
228 4351 269 4416 de
292 4371 443 4437 supremo
467 4348 608 4433 Augusti
631 4350 684 4415 die
708 4355 807 4435 atque
830 4349 869 4414 de
893 4348 1064 4434 colloquio,
1088 4345 1176 4433 quod
1197 4345 1252 4412 ille
1275 4344 1362 4410 baud
