3150 4764
663 277 960 346 ...23-

200 455 298 530 disse,
328 455 515 540 prin-quam
540 452 642 518 (laios
671 449 732 516 boc
761 451 829 516 fieri
859 469 1014 518 assensus
1044 455 1134 517 esset
1163 451 1219 536 (cf.
1242 452 1331 520 Suet.
1354 449 1425 518 Tib.

203 574 266 657 13).
311 573 450 638 Accedit
480 571 566 657 qnod
598 569 669 636 sola
697 568 883 638 conditione
912 573 1087 636 revocatus
1116 575 1166 649 est
1191 570 1360 652 Tiberius,
1392 575 1428 634 ot

201 689 390 756 muneribus
428 689 569 769 pvrblieis
612 709 746 775 prorsus
780 707 815 754 so
849 687 1031 756 abstineret
1066 687 1123 768 (cf.
1152 688 1239 757 Suet.
1264 688 1334 754 Tib.
1361 687 1427 773 13).

196 809 319 875 Utrum
342 807 458 874 deinde
474 807 585 876 Livias
607 807 693 874 tilius
715 805 926 874 tribuniciam
947 811 1145 892 potestatem
1158 787 1201 873 'et
1219 806 1426 894 adoptionem

201 931 267 992 tam
291 925 430 993 multum
456 926 490 994 io
515 932 630 996 senatu
653 946 693 992 ac
715 926 822 1007 domi,
855 925 942 1010 qnod
967 923 1108 991 Velleius
1140 924 1251 1005 refert,
1284 925 1428 992 renuerit

200 1065 311 1117 necue,
334 1043 409 1113 aliis
431 1045 632 1111 testimoniis
665 1065 768 1130 neque
798 1042 902 1110 refelli
933 1063 1038 1132 neque
1067 1043 1275 1130 comprobari
1306 1047 1427 1129 potest.

146 1237 151 1246 ,
199 1161 356 1230 Attamen
378 1182 442 1229 non
461 1162 593 1231 dubium
618 1183 690 1230 esse
707 1163 846 1239 videtur,
869 1162 1065 1248 quinetiam
1087 1165 1121 1230 in
1144 1161 1207 1230 bac
1228 1184 1264 1230 re
1278 1159 1427 1229 Tiberius

200 1303 265 1346 non
288 1283 396 1347 minus
419 1281 641 1354 simulatorem
665 1283 780 1364 egerit,
795 1300 903 1367 quam
927 1280 988 1347 snb
1011 1281 1114 1348 initiis
1144 1283 1193 1347 sni
1223 1283 1426 1368 principatus

199 1401 233 1465 iu
255 1409 370 1467 senatu
394 1399 452 1488 (et.
475 1402 550 1466 Tac.
574 1419 627 1467 an.
648 1399 673 1466 l.
699 1399 813 1478 11,]2,
831 1400 880 1465 13.
902 1398 990 1466 Suet.
1013 1399 1084 1466 Tib.
1105 1402 1172 1481 24).
1218 1399 1334 1488 Itaque
1352 1400 1427 1466 Vel·

199 1516 293 1600 leius,
315 1539 410 1604 quem
435 1519 597 1586 huminem
612 1519 786 1586 emendati
808 1516 931 1600 ingenii
953 1515 1015 1584 hoc
1038 1537 1102 1584 non
1126 1520 1331 1602 ignoravisse
1351 1539 1426 1585 ceo·

199 1655 274 1717 seo,
307 1645 396 1704 certe
428 1638 626 1704 adulationis
658 1637 794 1708 crimine
823 1645 875 1704 est
902 1639 1116 1704 accusandus.
1160 1637 1254 1716 Quod
1286 1637 1432 1725 denique·

198 1757 241 1822 ad
262 1757 421 1823 laetitiam
453 1757 611 1843 pertinet,
641 1776 707 1842 qua
729 1755 853 1822 Velleio
884 1763 1018 1822 anctore
1043 1756 1183 1841 populns
1213 1758 1432 1842 adoptionem·

198 1883 392 1959 prosecutus
414 1876 469 1956 sit,
493 1876 601 1940 ncsrio
625 1877 810 1960 scriptorne
830 1875 933 1956 magis
952 1874 1156 1940 adulatorius
1179 1875 1365 1942 inveniatur
1383 1895 1426 1940 an

198 1993 351 2080 mendax,
398 1993 505 2060 Verba
527 1995 623 2073 enirn,
657 1993 775 2078 quibus
798 1993 838 2058 de
861 1993 981 2057 civium
1011 1992 1121 2059 studio
1153 2013 1233 2077 erga
1260 1993 1425 2060 Tiberium

198 2110 312 2187 refert,
334 2114 564 2178 assentationis
587 2132 657 2177 esse
688 2112 784 2196 plena
806 2111 871 2176 iam
895 2111 929 2176 in
963 2111 1098 2193 legendo
1127 2113 1224 2178 facile
1254 2113 1426 2198 cognosci·

198 2234 260 2294 tor.
305 2229 415 2316 Atque
437 2232 535 2298 etiarn
561 2229 662 2294 afide
686 2229 844 2295 historiae
868 2230 1040 2316 scriptoris
1063 2232 1283 2298 narrationem
1307 2229 1426 2297 abbor-

198 2368 283 2426 rere,
316 2349 419 2415 Taciti
452 2358 486 2416 ct
515 2349 628 2415 Diouis
663 2350 860 2414 auctoritate
892 2349 1098 2435 comprobari
1129 2357 1252 2435 potest.
1287 2368 1425 2436 quorum

198 2468 289 2551 prior
313 2469 344 2534 in
368 2467 541 2533 annalibus
566 2466 670 2533 tradit
692 2466 749 2550 (ef.
773 2467 851 2533 l'ac.
874 2487 926 2534 ao.
945 2466 971 2548 1,
987 2469 1033 2552 4),
1057 2466 1196 2534 multum
1218 2467 1320 2534 tuisse
1341 2470 1426 2534 inter

197 2587 285 2651 cives
308 2606 488 2652 sermonem
512 2588 553 2652 do
570 2595 680 2652 vetcrc
703 2592 802 2671 atque
820 2585 921 2652 insita
935 2585 1091 2653 Claudiae
1107 2585 1252 2654 familiae
1271 2587 1426 2674 superbia

198 2707 232 2769 et
254 2705 295 2770 de
317 2705 448 2770 indiciis
471 2705 592 2771 Tiberii
616 2706 785 2786 saevitiae,
809 2725 892 2790 quac
915 2704 1063 2790 quamvis
1088 2719 1248 2790 oppressa
1276 2726 1425 2793 erumpe-

198 2836 249 2890 ret
270 2843 519 2912 nonormquam‚
552 2822 636 2888 alter
665 2822 784 2904 refert,
817 2843 858 2888 ea
890 2843 1016 2909 quoque
1049 2823 1090 2889 da
1119 2844 1219 2890 causa
1250 2825 1424 2911 imperium

198 2940 283 3008 inire
306 2941 505 3008 dubitavisse
526 2941 721 3027 principem,
750 2941 835 3029 quod
859 2940 1025 3008 bominum
1048 2942 1175 3010 animos
1198 2963 1218 3010 a
1240 2963 1276 3010 se
1298 2943 1424 3011 alienos

200 3060 336 3126 vidisset
358 3059 415 3131 (ef.
439 3060 512 3126 Dio.
535 3062 588 3143 57,
610 3060 659 3134 3».

284 3178 371 3244 Idem
395 3179 463 3244 fere
490 3176 630 3264 quadrat
651 3180 684 3244 in
707 3177 832 3250 lorum,
864 3197 928 3264 quo
956 3175 1047 3246 hisee
1077 3181 1185 3248 verbis
1212 3178 1356 3247 Velleius
1385 3182 1426 3266 de

199 3297 319 3362 Tiberii
344 3297 466 3383 pietate
499 3303 749 3363 commemorat:
780 3297 912 3378 „Pictas
942 3317 1003 3362 sna
1025 3296 1198 3365 Caesarem
1230 3318 1335 3383 paene
1366 3300 1424 3364 ob-

200 3417 337 3482 structis
353 3401 464 3502 'bieme
488 3414 627 3500 Alpibus
652 3415 683 3480 in
707 3415 819 3481 urbem
842 3417 965 3483 trasit‘
990 3417 1045 3502 (al.
1062 3416 1100 3483 11.
1117 3417 1188 3494 105,
1205 3414 1251 3490 3).
1294 3417 1424 3484 Etenim

199 3556 262 3600 nou
287 3555 436 3616 magnam
459 3540 518 3600 aut
545 3533 679 3598 omniuo
711 3554 772 3598 uon
803 3535 904 3600 tuisse
932 3536 965 3601 io
995 3534 1125 3601 Tiberio
1156 3536 1240 3620 banc
1269 3537 1422 3603 virtutem

199 3655 293 3722 testis
316 3658 365 3720 ast
388 3651 450 3718 Dio
474 3654 529 3732 tei.
554 3651 614 3718 Dio
635 3655 688 3732 ab,
702 3653 768 3726 err.
814 3651 936 3730 Quodsi
959 3673 1031 3718 eum
1054 3662 1223 3720 auctorem
1246 3654 1423 3741 sequimur,

198 3792 264 3839 non
281 3780 331 3838 est
347 3771 492 3851 dubium,
513 3773 590 3857 quio
604 3771 755 3846 Tiberius
776 3772 825 3837 sui
841 3772 1004 3838 commodi
1027 3791 1139 3860 carisa,
1162 3792 1202 3837 ne
1218 3769 1280 3838 sibi
1295 3772 1423 3840 absenti

199 3893 297 3958 aliurn
321 3891 488 3972 Arignotus
511 3890 704 3977 praeterret,
734 3910 838 3976 noque
866 3891 987 3976 pietate
1009 3891 1147 3964 ductus,
1176 3897 1212 3957 ut
1240 3893 1422 3974 Augustum

198 4019 324 4096 patrem
356 4008 532 4090 reviseret,
563 4007 736 4074 molestum
760 4007 842 4074 illud
864 4010 926 4076 iter
955 4010 1146 4094 susceperit.
1192 4008 1283 4088 Quas
1313 4009 1422 4090 verba,

199 4147 397 4215 quamquam
421 4128 569 4210 egregias
593 4132 626 4192 et
650 4125 726 4192 belli
753 4130 787 4191 et
808 4126 900 4211 pacis
923 4126 1114 4194 Tiberianae
1146 4125 1283 4195 virtutes
1311 4131 1435 4214 magni

199 4249 334 4314 duxisse
368 4249 552 4327 Angustum
586 4250 716 4311 constat
750 4243 814 4326 (cf.
847 4245 934 4313 Suet.
968 4245 1039 4322 Tib.
1074 4247 1156 4330 21),
1197 4246 1431 4340 addubitanda

199 4386 270 4434 csso
292 4364 372 4434 mibi
395 4387 460 4434 non
482 4365 675 4453 persuadeo,
711 4373 885 4451 propterea
908 4364 992 4452 quod
1015 4383 1056 4432 ex
1080 4363 1154 4436 aliis
1176 4384 1305 4466 quoque
1330 4343 1422 4447 testi:
