3150 4764
607 232 905 298 ...14-

110 445 115 456 =
147 402 207 469 sub
231 401 449 472 Romanorum
472 409 682 492 potestatem.
726 403 815 482 erae
839 423 890 470 res
913 423 1009 490 quam
1033 406 1077 470 sit
1101 425 1193 483 vera,
1223 427 1286 472 non
1310 427 1365 473 so·

145 520 212 585 lum
236 542 275 588 ex
298 542 337 589 ea
358 544 394 590 rc
415 527 518 610 patet,
541 523 791 610 quodomnium
816 524 939 607 primus
961 526 993 589 in
1017 521 1159 589 hostium
1182 531 1271 590 terra
1292 545 1364 590 cas·

145 647 199 705 tra
221 639 357 704 hiberna
379 627 574 720 collocavit,
598 642 654 708 sed
687 641 786 706 etiam
817 640 1022 725 comprobari
1052 646 1162 726 potest
1191 643 1364 708 Strabonis

145 757 347 838 testimonio,
378 759 433 843 qui
457 757 586 825 Marsos
615 759 683 824 suis
705 757 839 824 sedibus
870 759 1068 844 emigrantes
1091 761 1124 825 in
1146 759 1298 843 regiones
1320 761 1363 826 ad

144 875 302 941 orientem
332 882 500 958 vergentes
530 896 566 943 se
595 875 744 960 recipere
773 882 905 943 coactos
936 895 1008 943 esse
1023 937 1025 942 .
1040 884 1275 944 commemorat
1304 879 1363 958 (cf.

143 991 253 1062 strab.
286 991 364 1070 Vll,
393 1013 424 1079 p.
448 993 539 1079 290).
583 992 695 1080 Neque
726 993 798 1060 leve
829 994 959 1061 virtutis
990 994 1223 1080 imperatoriae
1254 995 1361 1064 edidit

142 1111 290 1179 Tiberius
319 1111 504 1198 specimen,
536 1130 634 1198 quum
667 1129 725 1198 per
756 1111 885 1178 medios
917 1111 1030 1179 hostes
1060 1131 1164 1198 osque
1185 1112 1230 1179 ad
1250 1113 1360 1180 Albim

141 1230 322 1297 exercitum
346 1230 479 1296 duceret
501 1228 557 1316 (cf.
579 1228 663 1296 Plin.
686 1232 754 1309 nat,
775 1229 816 1296 H.
838 1228 885 1308 ll,
914 1230 967 1296 67.
995 1228 1138 1296 Menum.
1167 1223 1360 1316 Aneyrjeu.

141 1347 268 1415 Clrisch.
291 1367 322 1434 p.
347 1347 435 1430 175).
479 1345 540 1414 Dio
570 1346 701 1434 quidem
725 1345 805 1414 nihil
834 1367 1033 1434 magnopere
1055 1349 1298 1414 memorandum
1322 1368 1361 1416 ea

141 1464 350 1565 expeditione
371 1471 479 1532 actum
502 1483 575 1534 esse
598 1466 695 1548 dicit,
727 1484 825 1553 quam
854 1465 1052 1532 sententiam
1081 1433 1251 1551 amplexus
1272 1466 1360 1534 Hoe-

141 1585 236 1651 ckius
262 1581 310 1650 nil
341 1581 472 1648 omnino
503 1583 685 1668 protectum
709 1602 782 1651 esse
805 1581 974 1649 concludit
994 1583 1049 1665 (cl
1075 1582 1199 1651 Hoeclr.
1222 1583 1267 1665 ll,
1289 1585 1357 1666 69).

139 1701 204 1770 Sed
222 1720 321 1788 quum
342 1719 384 1767 ex
400 1700 520 1768 Tiberii
541 1702 886 1789 consuetudiueesset,
908 1719 972 1768 non
994 1721 1128 1784 magnas
1150 1700 1358 1788 splendidas-

140 1838 202 1907 que
224 1837 298 1886 cum
318 1818 492 1888 Germanis
514 1837 685 1887 conserere
706 1839 843 1906 pugnas,
865 1820 924 1885 sed
944 1820 1112 1904 copiarum
1126 1840 1261 1888 numero
1285 1821 1358 1886 bos-

138 1942 190 2005 tes
212 1939 399 2024 opprimere
421 1936 660 2022 militibusque,
684 1943 843 2023 q'uantum
872 1936 943 2002 fieri
966 1944 1094 2023 posset,
1118 1958 1268 2023 parcere,
1292 1958 1356 2004 non

138 2061 189 2124 est
211 2054 443 2135 dubitandum,
472 2053 550 2141 quin
572 2053 713 2122 feliciter
735 2075 788 2124 rea
811 2056 965 2138 gesserit.
1009 2055 1116 2134 Quare
1137 2057 1172 2122 in
1194 2076 1356 2122 commen-

137 2181 207 2243 tum
228 2175 412 2262 accipiatur.
432 2192 568 2240 necesse
590 2192 655 2238 non
677 2178 745 2252 cst,
768 2173 854 2260 quod
877 2172 1033 2239 incolumi
1055 2173 1277 2260 inviolatoque
1299 2196 1356 2241 ex·
1443 2259 1445 2262 Ι

138 2292 432 2362 ercituTiberium
454 2293 488 2359 in
502 2291 637 2358 hiberna
658 2286 795 2358 rediisse
811 2292 953 2378 scriptor
974 2300 1097 2358 namet.
1142 2292 1355 2379 Nequaquam

137 2418 247 2480 tamen
268 2411 350 2477 adeo
375 2410 568 2478 Germaniae
590 2409 678 2475 vires
700 2428 772 2478 esse
793 2407 928 2490 fractas,
951 2416 988 2476 ut
1007 2409 1089 2476 nihil
1112 2411 1146 2476 iu
1167 2428 1206 2478 ea
1226 2411 1355 2489 fuisset,

136 2531 224 2618 quod
244 2529 408 2618 potuisset
431 2528 531 2606 vinci,
562 2527 659 2593 facile
681 2545 857 2609 agnosces,
890 2527 918 2593 si
941 2529 1163 2613 reputaveris,
1193 2530 1355 2615 quomodo

136 2647 332 2734 paulopost
361 2644 513 2712 Germani
542 2645 654 2726 iugum
677 2646 803 2730 imperii
834 2645 973 2710 Romani
995 2652 1063 2712 tum
1087 2647 1274 2731 impositum
1298 2667 1357 2715 ex·

137 2767 307 2832 eusserint.
350 2764 421 2830 Hoc
443 2762 604 2846 igiturex
630 2762 818 2830 adulatione
841 2770 947 2829 crtum
970 2770 1030 2830 est.
1073 2764 1196 2830 Eodem
1218 2773 1356 2852 spectat,

137 2884 226 2970 quod
245 2883 384 2965 legimus
406 2881 447 2949 de
469 2879 715 2948 coelestissimis
736 2881 858 2949 Tiberii
882 2880 1043 2967 operibus,
1064 2887 1142 2948 item
1158 2885 1245 2968 quod
1267 2883 1356 2951 bisce

45 3047 47 3050 -
135 3001 243 3071 verbis
255 3000 401 3068 Velleius
416 3001 530 3067 refert:
553 2997 635 3082 „Pro
656 3000 703 3066 dii
726 2998 803 3066 boni
825 3000 939 3085 quanti
956 2998 1128 3066 voluminis
1150 3020 1251 3087 opera
1268 3003 1356 3069 inse·

135 3120 248 3207 quenti
277 3122 403 3188 aestate
433 3117 494 3186 sub
525 3117 609 3186 duce
631 3116 763 3184 Tiberio
786 3116 928 3186 Caesare
949 3119 1143 3198 gessimus“.
1188 3118 1354 3186 Tiberium
1442 3123 1446 3129 '

133 3258 232 3328 porro
254 3239 394 3326 primum
424 3236 469 3303 ad
488 3235 601 3303 Albim
623 3252 696 3302 esse
719 3239 929 3322 progressum
952 3253 1019 3299 non
1041 3233 1147 3301 solum
1171 3237 1354 3306 adulatorie

133 3357 312 3426 sedetiam
341 3354 425 3422 falso
452 3356 654 3442 ascriptore
683 3355 842 3420 traditum
876 3358 943 3430 est,
974 3360 1148 3439 propterea
1178 3355 1352 3441 quodiam

133 3476 262 3544 Drusus
283 3476 326 3542 ad
347 3476 453 3562 ripam
477 3472 571 3540 buius
599 3472 741 3539 fluminis
772 3479 941 3557 tropaeum
966 3477 1186 3538 exstruxerat.
1230 3472 1355 3541 Contra

133 3593 355 3664 narrationem
379 3592 469 3659 illam
491 3594 531 3658 de
553 3612 630 3657 sene
652 3589 848 3658 Germanico
871 3589 910 3675 in
924 3587 1059 3668 dubium
1081 3609 1152 3655 esse
1173 3593 1352 3658 vocandum

132 3711 212 3781 mibi
232 3732 297 3779 non
318 3712 513 3798 persuadeo,
536 3729 732 3796 quamquam
755 3706 852 3774 nimis
867 3713 1025 3774 exornata
1046 3725 1118 3774 esse
1131 3709 1259 3776 videtur
1274 3732 1354 3794 ,ora-

133 3830 228 3899 toriis
256 3829 467 3900 calamistris.
512 3827 619 3895 Simili
651 3828 700 3894 vel
735 3826 858 3894 maiore
885 3824 983 3892 laude
1006 3826 1127 3894 Tiberii
1150 3830 1288 3896 virtutes
1311 3831 1353 3896 ad

133 3949 258 4020 coelum
282 3946 374 4016 effert
403 3946 545 4015 Velleius
568 3947 601 4013 in
624 3945 708 4012 bello
733 3944 944 4031 exponendo,
967 3942 1055 4030 quod
1077 3944 1167 4013 brevi
1190 3954 1267 4032 post
1288 3948 1353 4015 Ro-

132 4068 222 4136 mani
251 4071 366 4135 contra
394 4064 580 4132 Pannonios
613 4063 844 4149 Delmatasquc
874 4069 1057 4144 gesserunt.
1100 4062 1230 4130 Etenim
1254 4085 1352 4151 quum

133 4186 338 4274 expeditione
353 4183 550 4252 Germanica
571 4183 665 4249 linita
685 4182 834 4249 Tiberius
849 4183 960 4267 copias
983 4187 1117 4265 pararet
1140 4183 1182 4250 ad
1205 4184 1353 4249 adorien-

131 4306 208 4372 dum
233 4301 488 4383 Maroboduum,
516 4303 570 4388 qui
600 4321 659 4367 rex
691 4300 882 4366 condiderat
910 4317 1064 4382 magnum
1088 4300 1119 4365 in
1154 4299 1353 4370 Boiohoemo

1540 343 1563 398 η’
