3150 4764
595 205 898 273 ..30-

131 381 261 466 patrati.
304 380 445 448 Accedit
476 377 563 466 quod
595 376 668 446 Piso
696 398 734 446 eo
764 375 921 444 audaciae
946 377 984 443 et
1013 379 1237 444 contumaciae
1268 383 1358 444 certe

130 518 197 565 non
219 501 420 586 processisse
443 499 590 579 ridetur,
620 497 768 564 nisi‘sibi
791 515 982 584 persuasum
1004 493 1131 570 inisset,
1155 515 1195 576 sc⁴
1213 496 1253 562 ad
1277 495 1357 562 Ger·
1453 501 1457 510 '

131 617 250 683 manici
271 638 346 706 spes
369 595 566 686 coercendas
596 615 757 684 delectum
787 635 876 706 esse,
910 615 967 702 qui
989 613 1104 701 Syriae
1134 616 1358 703 imponeretur

131 736 194 819 (civ
212 737 289 803 Tac.
311 756 363 804 an.
387 735 430 812 ll,
451 739 504 804 43.
528 734 591 819 ΙΙΙ,
615 735 679 820 15).
723 735 834 823 Neque
864 739 977 801 tamen
1005 732 1146 800 arbitror
1173 735 1258 800 tanti
1280 751 1356 798 'mo-

130 856 232 922 menti
262 875 333 922 esse
361 854 420 930 has
444 875 514 936 res,
546 861 582 922 ut
603 854 768 922 Tiberium
797 855 990 940 participem
1020 851 1124 919 fuisse
1153 853 1299 918 criminis
1321 854 1356 919 in
1427 919 1432 932 ,

131 975 361 1042 Germanicum
378 975 550 1062 wcommissi
569 993 629 1060 pro
653 976 743 1040 certo
767 973 923 1039 affirmari
944 972 1053 1053 liceat,
1078 992 1176 1060 quum
1200 992 1355 1058 eaquae

130 1092 228 1159 modo
254 1094 419 1180 explicata
440 1099 534 1178 sunt,
563 1099 631 1160 tam
661 1093 696 1158 in
725 1093 943 1179 casu-posita
975 1110 1046 1156 esse
1076 1109 1173 1176 qnam
1203 1086 1357 1156 consulto

130 1213 279 1278 evenisso
310 1214 449 1300 possint.
493 1211 583 1280 Idem
615 1209 721 1278 elucet
751 1231 792 1278 ox
821 1211 985 1298 supremis
1008 1209 1206 1284 ¹Germanici
1237 1208 1357 1285 verbis,

130 1331 249 1418 quibus
273 1332 380 1398 oravit
402 1332 534 1410 amicos,
549 1403 550 1408 ἵ
564 1336 600 1398 ut
622 1330 708 1422 apud
731 1330 961 1416 imperatorem
986 1329 1115 1396 Pisonis
1145 1347 1284 1418 poenam
1307 1327 1356 1422 ei-

129 1451 278 1528 licerent,
310 1451 397 1536 quod
429 1470 488 1518 cur
515 1450 556 1517 ab
588 1449 629 1518 iis
659 1450 828 1537 petiverit,
863 1467 930 1513 non
957 1447 1055 1514 facilc
1084 1447 1296 1531 intelligitur,
1327 1447 1355 1512 si

96 1569 99 1576 '
129 1567 282 1635 Tiberum
310 1569 495 1656 putavisset
516 1567 646 1638 Pisonis
676 1571 850 1635 conscium.
895 1567 961 1634 Sed
991 1567 1090 1634 etiam
1118 1564 1217 1646 illud,
1248 1569 1356 1632 utrum
1445 1607 1465 1630 .

130 1686 319 1755 Germanioi
340 1688 374 1754 in
395 1687 547 1758 Pisonem
564 1687 707 1775 suspicio
724 1687 826 1753 firmis
844 1687 1004 1752 consistat
1023 1684 1225 1769 argumentis
1243 1671 1357 1768 necne,'

131 1813 180 1873 est
193 1805 464 1874 addubitandum.
489 1807 693 1894 Quamquam
710 1806 795 1874 enim
813 1811 953 1885 constat,
976 1805 1239 1872 inimicissimum
1256 1804 1358 1870 fuisse

129 1924 216 1992 hunc
237 1925 343 1991 virum
364 1925 464 1993 Drusi
485 1925 552 1995 filiu
575 1933 675 2013 atque
698 1924 739 1992 de
761 1928 867 1992 morte
890 1925 960 1991 eius
984 1931 1017 1992 et
1038 1925 1146 2012 ipsum
1174 1934 1207 1990 et
1230 1920 1357 1988 Planci-

128 2063 213 2110 nam
227 2061 582 2132 nroremmagnopere
604 2044 781 2123 exultasse,
807 2045 863 2111 rix
885 2049 997 2111 tamen
1026 2031 1184 2111 credibile
1195 2055 1272 2121 est,
1301 2039 1355 2106 Pi-

130 2180 241 2229 sonem
265 2181 303 2228 co
326 2164 535 2247 arrogantiae
558 2171 591 2230 et
613 2162 836 2231 contumaciae
855 2153 1066 2248 progressum
1088 2181 1161 2229 esse
1184 2159 1230 2226 ab'
1247 2158 1354 2238 initio,

130 2279 160 2347 si
180 2281 244 2346 sibi
266 2283 466 2368 propositum
495 2280 630 2367 luisset5
661 2280 891 2351 Germanicum
915 2301 1037 2348 veneno
1060 2280 1249 2348 interimere
1271 2284 1304 2346 et
1326 2277 1357 2344 si

128 2397 322 2487 perfecisset
335 2400 396 2468 hoc
419 2399 600 2468 eonsilium.
645 2400 812 2489 Siquidem
825 2399 933 2467 Taciti
951 2401 1087 2488 eiusque
1103 2399 1357 2486 pedisequorum

128 2519 349 2585 narrationem
371 2521 554 2607 sequimur¹
589 2519 721 2587 omnino
751 2537 816 2586 oon
846 2518 1070 2598 dubiumst,
1103 2519 1181 2605 quin
1203 2515 1356 2583 Tiberius

130 2637 204 2703 odio
226 2637 261 2703 in
276 2637 504 2706 Germanicum
527 2639 746 2706 inflammatus
768 2643 895 2704 secreto
914 2637 1027 2706 Pisoni
1048 2637 1175 2704 dederit
1195 2623 1357 2702 mandata

129 2773 313 2843 magnaque
336 2757 482 2826 criminis
504 2777 582 2845 pars
604 2759 796 2844 imperatori
817 2759 862 2824 sit
882 2755 1101 2824 adtribuenda
1122 2755 1179 2842 (el.
1201 2753 1278 2821 Tac.
1300 2773 1355 2821 an.

129 2872 183 2958 ΙΙΙ,
206 2875 256 2941 ll.
279 2873 337 2956 IV,
360 2877 388 2944 1.
410 2875 450 2960 ΙΙ,
473 2877 525 2942 70.
548 2875 603 2960 ΙΙΙ,
625 2878 655 2944 2.
679 2875 721 2952 ΙΙ,
743 2876 795 2942 26.
817 2873 856 2956 11,
878 2877 929 2944 43.
952 2874 1007 2958 ΙΙΙ,
1031 2876 1081 2942 16.
1104 2873 1195 2940 Suet.
1206 2872 1277 2941 Tib.
1299 2873 1352 2940 52.
1470 2875 1483 2896 “

129 2991 204 3060 Dio.
225 2993 278 3074 57,
303 2995 368 3078 18).
413 2993 519 3074 Quum
547 3016 624 3062 vero
655 3001 798 3079 constet,
830 2995 928 3062 nimis
959 2994 1046 3061 tristi
1074 2991 1183 3059 colore
1204 2992 1356 3059 Tacitum

129 3114 238 3199 etqui
268 3114 338 3182 eius
368 3113 597 3182 auctoritatem
625 3119 701 3181 sunt
730 3115 849 3194 secuti,
879 3113 1070 3180 Suetonium
1098 3131 1137 3178 ae
1159 3110 1298 3178 Dionem
1320 3110 1357 3176 in

128 3229 251 3298 Tiberii
272 3230 418 3299 moribus
442 3230 666 3340 describendis
694 3253 768 3300 esse
795 3239 960 3313 versatos,
990 3251 1094 3317 neque
1124 3231 1269 3296 criminis
1297 3249 1356 3296 ne·

130 3370 191 3437 que
206 3351 273 3416 odii
291 3351 326 3418 in
341 3349 573 3420 Germanicum
586 3347 736 3419 Tiberius
751 3352 974 3434 coarguendus
988 3369 1061 3417 esse
1079 3350 1218 3416 videtur.
1246 3347 1356 3426 Quare

40 3554 42 3558 f
130 3469 229 3536 etiam
251 3466 413 3535 Velleium
435 3467 639 3545 adulteratae
658 3470 734 3537 fidei
756 3489 830 3538 esec
859 3455 1043 3537 convictum
1072 3488 1137 3535 non
1158 3473 1269 3555 potest
1291 3486 1355 3553 pro

130 3584 301 3674 explorato
323 3587 473 3656 affimari.
885 3656 904 3693 e

214 3704 282 3772 Iam
305 3706 347 3772 ad
369 3707 465 3774 finem
490 3708 693 3798 quaestionis
712 3708 855 3798 perveni,
879 3726 943 3795 qua
966 3706 1101 3794 planum
1130 3705 1212 3772 milri
1241 3704 1357 3772 rideor

128 3823 262 3906 fecisse,
291 3845 327 3893 re
353 3845 432 3892 vera
460 3821 624 3894 Velleium
653 3825 756 3894 fuisse
785 3825 1006 3906 adulatorem,
1040 3824 1093 3891 oui
1122 3845 1187 3892 non
1216 3824 1355 3891 meltum

130 3941 207 4010 fidei
229 3945 274 4012 sit
294 3940 487 4014 habendum.
530 3944 662 4013 Etenim
684 3966 782 4033 quum
807 3947 916 4014 omnia
933 3944 1093 4026 adulandi
1114 3945 1224 4010 studio
1246 3944 1281 4010 in
1300 3942 1356 4008 Ti·

131 4061 214 4147 berii
234 4062 365 4131 laudem
381 4069 414 4131 et
428 4061 566 4148 gloriam
582 4068 702 4146 vertat,
724 4073 831 4154 prima
848 4063 1002 4134 historiae
1024 4064 1090 4144 lex,
1111 4071 1148 4130 ut
1164 4063 1356 4148 incorrupte

131 4185 229 4268 atque
246 4182 380 4265 integre
401 4169 456 4254 res
479 4181 759 4267 describantur,-a
781 4183 942 4272 scriptore
970 4185 1062 4253 laesa
1083 4188 1145 4251 est.
1188 4182 1261 4249 Non
1283 4180 1352 4266 qui·

131 4299 204 4368 dem
226 4302 348 4383 nescio,
367 4301 452 4370 alios
474 4322 602 4394 quoque
621 4301 710 4370 viros
733 4307 767 4370 et
784 4321 840 4369 eos
856 4303 1005 4388 egregios
1027 4303 1243 4390 imperatores
1256 4317 1358 4386 saepe
