3150 4764
600 219 900 288 ...20-

135 391 239 460 malos
262 413 338 460 sera
359 392 418 460 sed
440 393 569 482 aliqna;
591 398 766 480 superatur
788 396 953 480 aequitate
975 393 1100 477 gratia,
1128 394 1263 462 ambitio
1295 393 1360 462 rir-

134 519 233 593 lute,“
257 533 323 578 non
346 519 396 580 est
418 533 477 599 pro
499 514 574 579 fleto
598 513 833 600 aecipiendum‚
855 518 1030 600 propterea
1053 512 1139 599 quod
1163 513 1285 580 nullam
1303 514 1361 580 lra-

135 631 205 699 buit
234 632 384 698 Tiberius
414 632 573 697 rationem
604 638 753 698 ueterum
785 651 823 698 an
853 630 1067 718 patriciarum
1098 632 1298 698 familiarum
1327 633 1362 697 in

133 743 223 829 uiris,
246 752 300 836 qui
325 750 513 816 muneribus
536 749 676 837 publicis
698 751 921 834 fungerentur,
944 731 1103 832 eligendis
1128 750 1185 834 (ef.
1206 750 1283 817 Tae.
1306 771 1361 818 an.

134 845 187 947 ill,
202 871 271 944 48».
306 870 479 937 Suetonius
503 867 634 955 quidem
657 867 731 935 aliis
755 869 925 936 decausis
949 869 1178 955 imperatorem
1202 869 1361 956 quosdam

134 988 312 1055 honoribus
335 988 503 1053 orbavisse
522 993 633 1054 narrat
656 988 706 1066 (of
736 987 810 1054 Tin·
827 987 896 1072 42).
940 986 1003 1053 Sed
1028 994 1065 1053 ut
1090 994 1217 1054 taceam
1248 987 1288 1055 de
1310 1009 1360 1065 eo,

135 1107 223 1194 quod
246 1106 297 1173 lris
321 1107 428 1172 uerbis
451 1109 516 1171 iam
540 1126 597 1191 per
619 1126 655 1172 se
678 1106 918 1192 comprobatur,
950 1105 1023 1172 leue
1045 1109 1179 1173 tautum
1195 1107 1236 1174 iis
1259 1091 1362 1174 adtri-

135 1225 299 1294 buendum
334 1245 406 1291 esse
438 1232 653 1304 momentum,
688 1245 787 1312 quum
821 1226 963 1311 scriptor
992 1224 1097 1292 Taciti
1131 1227 1360 1294 alletoritatem

134 1354 264 1412 secuntus
287 1349 321 1410 et
342 1345 439 1409 nimis
462 1343 612 1410 tristibus
635 1343 800 1411 coloribus
817 1343 938 1410 Tiberii
963 1346 1162 1430 expresserit
1183 1345 1360 1427 imaginem

134 1455 166 1532 et
188 1466 322 1530 minime
343 1470 494 1558 accurate
523 1465 557 1528 in
588 1461 683 1529 rebus
714 1463 932 1528 diiudicandis
968 1464 1013 1528 sit
1042 1467 1202 1528 versatus.
1248 1462 1360 1550 ltaque

134 1606 174 1650 ne
198 1603 238 1649 eu
260 1582 402 1668 quidem,
432 1601 515 1669 qnae
538 1583 722 1646 invenimus
747 1581 786 1646 de
817 1580 997 1646 ambitione
1028 1601 1163 1668 rampo,
1193 1580 1361 1648 discordia

134 1704 225 1770 (arria
256 1703 428 1768 summotis
461 1707 616 1766 enarrata
647 1719 781 1788 prorsus
812 1698 962 1766 refellere
995 1699 1072 1765 mibi
1103 1708 1153 1766 est
1184 1702 1215 1766 iu
1239 1702 1360 1774 animo,

133 1840 330 1910 qrmmquam
363 1819 420 1885 alii
453 1826 529 1885 suunt
561 1823 680 1902 testes,
716 1821 771 1905 qui
804 1837 931 1884 omnem
964 1803 1149 1885 libertatem
1182 1840 1202 1884 a
1231 1817 1365 1886 Tiberin

134 1915 280 2010 auersam
306 1957 377 2005 esse
400 1937 575 2003 affirmant.
621 1936 665 2003 lis
690 1955 776 2016 uero,
800 1955 883 2021 quae
907 1935 947 2002 de
969 1937 1144 2022 prudentia
1167 1942 1201 2004 et
1224 1940 1266 2012 vi,
1290 1941 1361 2025 qui·

133 2061 193 2127 bns
207 2058 364 2145 princeps
386 2059 418 2123 in
435 2057 568 2142 Cotyem
585 2063 618 2122 et
632 2054 867 2122 Maroboduum
885 2074 965 2121 usus
989 2062 1048 2132 est,
1070 2065 1186 2123 narrat
1207 2043 1366 2144 scriptor,

133 2154 377 2246 assentiendum
401 2194 486 2254 esse,
508 2174 605 2241 laoile
626 2175 798 2253 consedes,
821 2173 850 2239 si
873 2175 1076 2252 memineris,
1100 2195 1164 2262 qua
1185 2159 1361 2261 prudentia

133 2319 171 2366 ao
193 2297 365 2381 diligentia
386 2296 589 2382 oppresserit
610 2294 790 2380 imperator
819 2292 931 2359 Seiani
954 2299 1100 2360 conatus.
1146 2293 1254 2362 Etiam
1290 2297 1361 2362 sine

132 2418 200 2483 nlla
222 2415 440 2504 trepidatione
463 2413 625 2480 exereitus
648 2411 793 2479 delectus
815 2431 888 2479 esse
910 2411 1078 2499 provisos,
1110 2411 1292 2480 clarissime
1322 2435 1361 2480 ea

132 2559 166 2604 re
188 2537 311 2624 percipi
335 2539 460 2621 potest.
490 2532 576 2619 quod
606 2530 697 2598 nulla
725 2531 844 2599 seditio
873 2531 1016 2597 rnilitum
1045 2514 1185 2618 excepta
1214 2531 1271 2599 illa
1299 2533 1360 2600 sub

133 2657 262 2744 imperii
283 2654 386 2721 initiis
409 2659 526 2738 postea
549 2655 598 2717 est
621 2655 703 2717 orta.

218 2775 258 2840 In
280 2771 470 2861 principatu
491 2771 592 2854 igitur
614 2768 827 2836 describendo
849 2769 982 2837 minime
1010 2768 1114 2836 fallax
1135 2768 1281 2835 Velleius
1310 2772 1360 2836 in-

134 2897 273 2962 uenitur.
317 2889 536 2959 Nihilominus
561 2907 637 2954 nero
661 2887 863 2956 adulationis
887 2888 1022 2955 erimine
1044 2887 1171 2955 absolvi
1198 2908 1265 2954 non
1286 2896 1360 2974 pot-

133 3022 194 3094 est,
218 3033 315 3100 quum
339 3017 407 3077 tam
431 3007 550 3093 amplis
571 3006 726 3104 laudibus
747 3005 912 3073 Tiberium
935 3009 1070 3094 eiusque
1095 3006 1214 3073 merita
1236 3005 1360 3088 efferat,

95 3193 97 3197 .
132 3141 168 3200 ut
190 3131 349 3221 praebeat
371 3127 526 3216 speciem,
558 3144 597 3191 ae
619 3125 649 3192 si
670 3113 800 3212 imperii
829 3129 937 3192 status
969 3127 1029 3192 snb
1052 3127 1213 3209 Augusto,
1246 3109 1360 3212 quarn-

132 3273 229 3340 qnam
252 3271 325 3317 eum
348 3267 475 3336 quoque
497 3263 696 3331 magnopere
719 3251 817 3311 antea
839 3243 1038 3320 celebrauit,
1068 3245 1185 3312 luisset
1213 3245 1361 3312 miserri-

131 3393 213 3450 mus,
235 3389 256 3436 a
277 3367 409 3435 Tiberio
432 3372 548 3432 eontra
570 3383 670 3430 aurea
692 3383 775 3451 quae
798 3370 937 3431 voeatur
958 3369 1051 3430 aetas
1070 3363 1256 3431 bominibus
1272 3371 1362 3433 esset

131 3483 271 3557 reddita.
343 3569 344 3576 ἵ

215 3609 339 3681 Restat,
370 3611 407 3672 ut
429 3606 469 3670 de
498 3601 566 3669 illis
595 3600 696 3680 loeis,
728 3601 784 3689 qui
815 3601 858 3668 ad
888 3600 1009 3668 Tiberii
1040 3620 1148 3708 mores
1179 3602 1371 3687 pertinent,¹

130 3728 227 3816 paulo
250 3726 382 3794 uberius
412 3742 559 3807 agamus.
605 3720 644 3787 In
665 3721 707 3786 iis
732 3722 818 3786 enim
847 3719 1051 3787 celebrandis
1075 3723 1146 3785 tam
1175 3719 1359 3803 magnificis

130 3851 274 3936 scriptor
296 3848 448 3912 versatur
464 3840 637 3916 laudibus,
657 3841 696 3905 ut
717 3839 826 3924 primo
850 3838 966 3905 obtutu
985 3837 1117 3905 omnino
1139 3857 1205 3904 non
1225 3838 1360 3907 dubium

131 3989 203 4035 esse
226 3945 340 4053 possit,
364 3963 442 4051 quin
463 3959 611 4027 Velleius
635 3956 786 4025 adulator
808 3958 907 4025 fuerit
928 3956 1059 4024 humilis
1090 3966 1188 4043 atque
1218 3957 1278 4036 vir,
1308 3959 1360 4026 oui

129 4090 209 4156 fides
231 4085 403 4165 habeatur,
424 4078 686 4163 indignissimus.

214 4205 286 4272 llue
308 4204 472 4289 spectant,
496 4216 579 4286 quae
601 4195 744 4279 legimus
773 4195 815 4262 de
844 4215 965 4278 magna
986 4192 1107 4262 Tiberii
1135 4215 1215 4278 erga
1244 4195 1359 4263 affines

128 4329 258 4415 pietate,
282 4342 349 4410 qua
372 4322 556 4422 commotus
573 4313 724 4381 Rhodum
748 4316 934 4392 secesserit,
956 4313 1139 4382 scilicetne
1155 4293 1359 4398 iulgorsuus
