<?xml version="1.0" encoding="UTF-8"?>
<!DOCTYPE html PUBLIC "-//W3C//DTD XHTML 1.0 Transitional//EN"
    "http://www.w3.org/TR/xhtml1/DTD/xhtml1-transitional.dtd">
<html xmlns="http://www.w3.org/1999/xhtml" xml:lang="en" lang="en">
 <head>
  <title>
</title>
<meta http-equiv="Content-Type" content="text/html;charset=utf-8" />
  <meta name='ocr-system' content='tesseract 3.04.00' />
  <meta name='ocr-capabilities' content='ocr_page ocr_carea ocr_par ocr_line ocrx_word'/>
</head>
<body>
  <div class='ocr_page' id='page_1' title='image "./develleianatibe00goekgoog_0024.png"; bbox 0 0 3150 4764; ppageno 0'>
   <div class='ocr_carea' id='block_1_1' title="bbox 679 203 977 274">
    <p class='ocr_par' dir='ltr' id='par_1_1' title="bbox 679 203 977 274">
     <span class='ocr_line' id='line_1_1' title="bbox 679 203 977 274; baseline 0.01 -18"><span class='ocrx_word' id='word_1_1' title='bbox 679 203 977 274; x_wconf 57' lang='grc' dir='ltr'>..ιιι-</span> 
     </span>
    </p>
   </div>
   <div class='ocr_carea' id='block_1_2' title="bbox 202 376 1442 2132">
    <p class='ocr_par' dir='ltr' id='par_1_2' title="bbox 202 376 1442 2132">
     <span class='ocr_line' id='line_1_2' title="bbox 202 376 1437 476; baseline -0.004 -30"><span class='ocrx_word' id='word_1_2' title='bbox 202 378 314 446; x_wconf 84' lang='lat' dir='ltr'><strong>randis</strong></span> <span class='ocrx_word' id='word_1_3' title='bbox 336 376 543 476; x_wconf 73' lang='lat' dir='ltr'><strong>adulteratae</strong></span> <span class='ocrx_word' id='word_1_4' title='bbox 565 377 639 446; x_wconf 87' lang='lat' dir='ltr'><strong>fidei</strong></span> <span class='ocrx_word' id='word_1_5' title='bbox 662 383 720 445; x_wconf 92' lang='lat' dir='ltr'><strong>aut</strong></span> <span class='ocrx_word' id='word_1_6' title='bbox 741 379 876 445; x_wconf 91' lang='lat' dir='ltr'><strong>minime</strong></span> <span class='ocrx_word' id='word_1_7' title='bbox 899 385 957 445; x_wconf 86' lang='lat' dir='ltr'><strong>aut</strong></span> <span class='ocrx_word' id='word_1_8' title='bbox 986 379 1119 445; x_wconf 91' lang='lat' dir='ltr'><strong>omnino</strong></span> <span class='ocrx_word' id='word_1_9' title='bbox 1153 399 1217 446; x_wconf 93' lang='lat' dir='ltr'><strong>non</strong></span> <span class='ocrx_word' id='word_1_10' title='bbox 1249 385 1300 446; x_wconf 92' lang='lat' dir='ltr'><strong>est</strong></span> <span class='ocrx_word' id='word_1_11' title='bbox 1331 376 1437 444; x_wconf 91' lang='lat' dir='ltr'><strong>incul-</strong></span> 
     </span>
     <span class='ocr_line' id='line_1_3' title="bbox 205 494 1439 585; baseline 0 -23"><span class='ocrx_word' id='word_1_12' title='bbox 205 498 344 584; x_wconf 90' lang='lat' dir='ltr'><strong>pandos.</strong></span> <span class='ocrx_word' id='word_1_13' title='bbox 387 498 520 564; x_wconf 80' lang='lat' dir='ltr'><strong>Tacitus</strong></span> <span class='ocrx_word' id='word_1_14' title='bbox 542 499 672 585; x_wconf 87' lang='lat' dir='ltr'><strong>quidem</strong></span> <span class='ocrx_word' id='word_1_15' title='bbox 698 497 834 585; x_wconf 88' lang='lat' dir='ltr'><strong>eiusque</strong></span> <span class='ocrx_word' id='word_1_16' title='bbox 863 498 1030 581; x_wconf 87' lang='lat' dir='ltr'><strong>asseclae,</strong></span> <span class='ocrx_word' id='word_1_17' title='bbox 1058 505 1093 565; x_wconf 93' lang='lat' dir='ltr'><strong>ut</strong></span> <span class='ocrx_word' id='word_1_18' title='bbox 1115 498 1292 566; x_wconf 81' lang='lat' dir='ltr'>Suetonius</span> <span class='ocrx_word' id='word_1_19' title='bbox 1322 503 1355 563; x_wconf 91' lang='lat' dir='ltr'><strong>et</strong></span> <span class='ocrx_word' id='word_1_20' title='bbox 1375 494 1439 563; x_wconf 89' lang='lat' dir='ltr'><strong>Dio</strong></span> 
     </span>
     <span class='ocr_line' id='line_1_4' title="bbox 206 609 1441 704; baseline -0.003 -20"><span class='ocrx_word' id='word_1_21' title='bbox 206 618 351 695; x_wconf 84' lang='lat' dir='ltr'><strong>Cassius,</strong></span> <span class='ocrx_word' id='word_1_22' title='bbox 373 636 455 704; x_wconf 90' lang='lat' dir='ltr'><strong>quos</strong></span> <span class='ocrx_word' id='word_1_23' title='bbox 477 619 576 684; x_wconf 92' lang='lat' dir='ltr'><strong>nimis</strong></span> <span class='ocrx_word' id='word_1_24' title='bbox 598 617 748 684; x_wconf 89' lang='lat' dir='ltr'><strong>tristibus</strong></span> <span class='ocrx_word' id='word_1_25' title='bbox 770 617 936 684; x_wconf 85' lang='lat' dir='ltr'><strong>coloribus</strong></span> <span class='ocrx_word' id='word_1_26' title='bbox 954 609 1077 688; x_wconf 88' lang='lat' dir='ltr'><strong>Tiberii</strong></span> <span class='ocrx_word' id='word_1_27' title='bbox 1097 617 1279 701; x_wconf 78' lang='lat' dir='ltr'><strong>imaginem</strong></span> <span class='ocrx_word' id='word_1_28' title='bbox 1303 617 1441 702; x_wconf 86' lang='lat' dir='ltr'><strong>expres·</strong></span> 
     </span>
     <span class='ocr_line' id='line_1_5' title="bbox 207 735 1442 824; baseline 0 -23"><span class='ocrx_word' id='word_1_29' title='bbox 207 737 291 802; x_wconf 89' lang='lat' dir='ltr'><strong>sisse</strong></span> <span class='ocrx_word' id='word_1_30' title='bbox 314 737 446 822; x_wconf 87' lang='lat' dir='ltr'><strong>quidam</strong></span> <span class='ocrx_word' id='word_1_31' title='bbox 476 736 538 802; x_wconf 88' lang='lat' dir='ltr'><strong>viri</strong></span> <span class='ocrx_word' id='word_1_32' title='bbox 570 737 659 804; x_wconf 93' lang='lat' dir='ltr'><strong>docti</strong></span> <span class='ocrx_word' id='word_1_33' title='bbox 687 736 773 803; x_wconf 91' lang='lat' dir='ltr'><strong>haud</strong></span> <span class='ocrx_word' id='word_1_34' title='bbox 804 736 926 820; x_wconf 85' lang='lat' dir='ltr'><strong>iniuria</strong></span> <span class='ocrx_word' id='word_1_35' title='bbox 956 743 1106 818; x_wconf 88' lang='lat' dir='ltr'><strong>censent,</strong></span> <span class='ocrx_word' id='word_1_36' title='bbox 1140 744 1174 805; x_wconf 90' lang='lat' dir='ltr'><strong>et</strong></span> <span class='ocrx_word' id='word_1_37' title='bbox 1202 736 1277 824; x_wconf 91' lang='lat' dir='ltr'><strong>ipsa</strong></span> <span class='ocrx_word' id='word_1_38' title='bbox 1308 735 1442 820; x_wconf 87' lang='lat' dir='ltr'><strong>egregia</strong></span> 
     </span>
     <span class='ocr_line' id='line_1_6' title="bbox 207 833 1439 943; baseline 0 -23"><span class='ocrx_word' id='word_1_39' title='bbox 207 853 303 921; x_wconf 90' lang='lat' dir='ltr'><strong>huius</strong></span> <span class='ocrx_word' id='word_1_40' title='bbox 326 856 535 941; x_wconf 85' lang='lat' dir='ltr'><strong>imperatoris</strong></span> <span class='ocrx_word' id='word_1_41' title='bbox 563 856 654 921; x_wconf 88' lang='lat' dir='ltr'><strong>iacta</strong></span> <span class='ocrx_word' id='word_1_42' title='bbox 678 857 797 942; x_wconf 88' lang='lat' dir='ltr'><strong>partim</strong></span> <span class='ocrx_word' id='word_1_43' title='bbox 822 876 862 922; x_wconf 83' lang='lat' dir='ltr'><strong>ex</strong></span> <span class='ocrx_word' id='word_1_44' title='bbox 892 855 1100 924; x_wconf 82' lang='lat' dir='ltr'><strong>simulatione</strong></span> <span class='ocrx_word' id='word_1_45' title='bbox 1123 833 1244 943; x_wconf 90' lang='lat' dir='ltr'><strong>partim</strong></span> <span class='ocrx_word' id='word_1_46' title='bbox 1264 875 1307 922; x_wconf 82' lang='lat' dir='ltr'><strong>ex</strong></span> <span class='ocrx_word' id='word_1_47' title='bbox 1330 854 1439 921; x_wconf 89' lang='lat' dir='ltr'><strong>studio</strong></span> 
     </span>
     <span class='ocr_line' id='line_1_7' title="bbox 207 973 1440 1062; baseline -0.002 -22"><span class='ocrx_word' id='word_1_48' title='bbox 207 975 335 1058; x_wconf 88' lang='lat' dir='ltr'><strong>gratiae</strong></span> <span class='ocrx_word' id='word_1_49' title='bbox 357 977 444 1060; x_wconf 81' lang='lat' dir='ltr'><strong>a&#39;pud</strong></span> <span class='ocrx_word' id='word_1_50' title='bbox 467 975 623 1062; x_wconf 85' lang='lat' dir='ltr'><strong>populum</strong></span> <span class='ocrx_word' id='word_1_51' title='bbox 647 975 831 1061; x_wconf 85' lang='lat' dir='ltr'><strong>captandae</strong></span> <span class='ocrx_word' id='word_1_52' title='bbox 857 973 1025 1042; x_wconf 81' lang='lat' dir='ltr'><strong>effluxisse</strong></span> <span class='ocrx_word' id='word_1_53' title='bbox 1056 973 1269 1043; x_wconf 88' lang='lat' dir='ltr'><strong>contendunt.</strong></span> <span class='ocrx_word' id='word_1_54' title='bbox 1313 973 1440 1042; x_wconf 88' lang='lat' dir='ltr'><strong>Nihilo·</strong></span> 
     </span>
     <span class='ocr_line' id='line_1_8' title="bbox 207 1092 1439 1182; baseline -0.002 -22"><span class='ocrx_word' id='word_1_55' title='bbox 207 1095 316 1176; x_wconf 88' lang='lat' dir='ltr'><strong>miuus</strong></span> <span class='ocrx_word' id='word_1_56' title='bbox 347 1114 425 1160; x_wconf 84' lang='lat' dir='ltr'><strong>vero</strong></span> <span class='ocrx_word' id='word_1_57' title='bbox 458 1094 563 1160; x_wconf 76' lang='lat' dir='ltr'><strong>morlia</strong></span> <span class='ocrx_word' id='word_1_58' title='bbox 592 1095 632 1160; x_wconf 90' lang='lat' dir='ltr'><strong>de</strong></span> <span class='ocrx_word' id='word_1_59' title='bbox 663 1113 698 1160; x_wconf 93' lang='lat' dir='ltr'><strong>re</strong></span> <span class='ocrx_word' id='word_1_60' title='bbox 726 1092 860 1180; x_wconf 88' lang='lat' dir='ltr'><strong>publica</strong></span> <span class='ocrx_word' id='word_1_61' title='bbox 895 1093 959 1161; x_wconf 93' lang='lat' dir='ltr'><strong>sibi</strong></span> <span class='ocrx_word' id='word_1_62' title='bbox 994 1095 1241 1182; x_wconf 82' lang='lat' dir='ltr'><strong>comparavisse</strong></span> <span class='ocrx_word' id='word_1_63' title='bbox 1274 1092 1439 1161; x_wconf 88' lang='lat' dir='ltr'><strong>Tiberium</strong></span> 
     </span>
     <span class='ocr_line' id='line_1_9' title="bbox 207 1210 1439 1301; baseline -0.002 -21"><span class='ocrx_word' id='word_1_64' title='bbox 207 1214 342 1290; x_wconf 88' lang='lat' dir='ltr'><strong>merita,</strong></span> <span class='ocrx_word' id='word_1_65' title='bbox 371 1213 395 1280; x_wconf 90' lang='lat' dir='ltr'><strong>ii</strong></span> <span class='ocrx_word' id='word_1_66' title='bbox 418 1234 544 1300; x_wconf 87' lang='lat' dir='ltr'><strong>quoque</strong></span> <span class='ocrx_word' id='word_1_67' title='bbox 567 1212 749 1301; x_wconf 82' lang='lat' dir='ltr'><strong>scriptores</strong></span> <span class='ocrx_word' id='word_1_68' title='bbox 772 1213 964 1293; x_wconf 88' lang='lat' dir='ltr'><strong>concedunt,</strong></span> <span class='ocrx_word' id='word_1_69' title='bbox 988 1212 1044 1300; x_wconf 90' lang='lat' dir='ltr'><strong>qui</strong></span> <span class='ocrx_word' id='word_1_70' title='bbox 1067 1214 1136 1280; x_wconf 90' lang='lat' dir='ltr'><strong>eius</strong></span> <span class='ocrx_word' id='word_1_71' title='bbox 1158 1211 1311 1301; x_wconf 89' lang='lat' dir='ltr'><strong>partibus</strong></span> <span class='ocrx_word' id='word_1_72' title='bbox 1336 1210 1439 1278; x_wconf 88' lang='lat' dir='ltr'><strong>haud·</strong></span> 
     </span>
     <span class='ocr_line' id='line_1_10' title="bbox 208 1329 1440 1420; baseline -0.002 -22"><span class='ocrx_word' id='word_1_73' title='bbox 208 1351 369 1418; x_wconf 87' lang='lat' dir='ltr'><strong>quaquam</strong></span> <span class='ocrx_word' id='word_1_74' title='bbox 388 1332 514 1397; x_wconf 42' lang='lat' dir='ltr'><strong>‘lavent</strong></span> <span class='ocrx_word' id='word_1_75' title='bbox 560 1331 677 1411; x_wconf 87' lang='lat' dir='ltr'><strong>Quare,</strong></span> <span class='ocrx_word' id='word_1_76' title='bbox 703 1330 790 1417; x_wconf 90' lang='lat' dir='ltr'><strong>quod</strong></span> <span class='ocrx_word' id='word_1_77' title='bbox 814 1338 926 1397; x_wconf 92' lang='lat' dir='ltr'><strong>narrat</strong></span> <span class='ocrx_word' id='word_1_78' title='bbox 947 1329 1092 1398; x_wconf 86' lang='lat' dir='ltr'><strong>Velleius</strong></span> <span class='ocrx_word' id='word_1_79' title='bbox 1123 1333 1163 1399; x_wconf 93' lang='lat' dir='ltr'><strong>de</strong></span> <span class='ocrx_word' id='word_1_80' title='bbox 1194 1331 1367 1420; x_wconf 88' lang='lat' dir='ltr'><strong>praeclara</strong></span> <span class='ocrx_word' id='word_1_81' title='bbox 1389 1329 1440 1398; x_wconf 90' lang='lat' dir='ltr'><strong>rei</strong></span> 
     </span>
     <span class='ocr_line' id='line_1_11' title="bbox 207 1449 1438 1539; baseline -0.001 -23"><span class='ocrx_word' id='word_1_82' title='bbox 207 1450 357 1536; x_wconf 89' lang='lat' dir='ltr'><strong>publicae</strong></span> <span class='ocrx_word' id='word_1_83' title='bbox 383 1451 450 1517; x_wconf 88' lang='lat' dir='ltr'><strong>sub</strong></span> <span class='ocrx_word' id='word_1_84' title='bbox 472 1451 602 1517; x_wconf 91' lang='lat' dir='ltr'><strong>Tiberio</strong></span> <span class='ocrx_word' id='word_1_85' title='bbox 630 1451 831 1532; x_wconf 89' lang='lat' dir='ltr'><strong>conditione,</strong></span> <span class='ocrx_word' id='word_1_86' title='bbox 853 1470 873 1517; x_wconf 89' lang='lat' dir='ltr'><strong>a</strong></span> <span class='ocrx_word' id='word_1_87' title='bbox 895 1470 972 1517; x_wconf 88' lang='lat' dir='ltr'><strong>vero</strong></span> <span class='ocrx_word' id='word_1_88' title='bbox 1001 1471 1068 1516; x_wconf 93' lang='lat' dir='ltr'><strong>non</strong></span> <span class='ocrx_word' id='word_1_89' title='bbox 1097 1471 1233 1539; x_wconf 92' lang='lat' dir='ltr'><strong>prorsus</strong></span> <span class='ocrx_word' id='word_1_90' title='bbox 1262 1449 1438 1517; x_wconf 87' lang='lat' dir='ltr'><strong>abhorrere</strong></span> 
     </span>
     <span class='ocr_line' id='line_1_12' title="bbox 206 1567 1437 1656; baseline 0.001 -22"><span class='ocrx_word' id='word_1_91' title='bbox 206 1568 304 1636; x_wconf 83' lang='lat' dir='ltr'><strong>facile</strong></span> <span class='ocrx_word' id='word_1_92' title='bbox 338 1571 538 1652; x_wconf 80' lang='lat' dir='ltr'><strong>argumentis</strong></span> <span class='ocrx_word' id='word_1_93' title='bbox 571 1570 756 1636; x_wconf 87' lang='lat' dir='ltr'><strong>confirmari</strong></span> <span class='ocrx_word' id='word_1_94' title='bbox 789 1576 910 1655; x_wconf 91' lang='lat' dir='ltr'><strong>potest.</strong></span> <span class='ocrx_word' id='word_1_95' title='bbox 955 1568 1085 1656; x_wconf 87' lang='lat' dir='ltr'><strong>Optime</strong></span> <span class='ocrx_word' id='word_1_96' title='bbox 1123 1567 1208 1636; x_wconf 89' lang='lat' dir='ltr'><strong>enim</strong></span> <span class='ocrx_word' id='word_1_97' title='bbox 1247 1588 1437 1656; x_wconf 88' lang='lat' dir='ltr'><strong>compressa</strong></span> 
     </span>
     <span class='ocr_line' id='line_1_13' title="bbox 206 1686 1437 1775; baseline 0 -22"><span class='ocrx_word' id='word_1_98' title='bbox 206 1686 363 1754; x_wconf 88' lang='lat' dir='ltr'><strong>theatrali</strong></span> <span class='ocrx_word' id='word_1_99' title='bbox 384 1689 560 1771; x_wconf 90' lang='lat' dir='ltr'><strong>seditione,</strong></span> <span class='ocrx_word' id='word_1_100' title='bbox 589 1707 653 1775; x_wconf 90' lang='lat' dir='ltr'><strong>qua</strong></span> <span class='ocrx_word' id='word_1_101' title='bbox 680 1689 864 1756; x_wconf 89' lang='lat' dir='ltr'><strong>iniecerunt</strong></span> <span class='ocrx_word' id='word_1_102' title='bbox 890 1689 1083 1775; x_wconf 88' lang='lat' dir='ltr'><strong>saepissime</strong></span> <span class='ocrx_word' id='word_1_103' title='bbox 1110 1687 1286 1756; x_wconf 83' lang='lat' dir='ltr'><strong>histriones</strong></span> <span class='ocrx_word' id='word_1_104' title='bbox 1309 1688 1437 1754; x_wconf 88' lang='lat' dir='ltr'><strong>civitati</strong></span> 
     </span>
     <span class='ocr_line' id='line_1_14' title="bbox 208 1803 1437 1895; baseline 0 -21"><span class='ocrx_word' id='word_1_105' title='bbox 208 1807 403 1891; x_wconf 89' lang='lat' dir='ltr'><strong>tumultum,</strong></span> <span class='ocrx_word' id='word_1_106' title='bbox 430 1809 661 1895; x_wconf 84' lang='lat' dir='ltr'><strong>imperatorem</strong></span> <span class='ocrx_word' id='word_1_107' title='bbox 685 1825 759 1876; x_wconf 90' lang='lat' dir='ltr'><strong>esse</strong></span> <span class='ocrx_word' id='word_1_108' title='bbox 781 1808 952 1892; x_wconf 83' lang='lat' dir='ltr'><strong>meritum,</strong></span> <span class='ocrx_word' id='word_1_109' title='bbox 975 1808 1072 1876; x_wconf 89' lang='lat' dir='ltr'><strong>etiam</strong></span> <span class='ocrx_word' id='word_1_110' title='bbox 1095 1803 1226 1876; x_wconf 86' lang='lat' dir='ltr'><strong>Tacitus</strong></span> <span class='ocrx_word' id='word_1_111' title='bbox 1258 1808 1314 1892; x_wconf 86' lang='lat' dir='ltr'><strong>(cl.</strong></span> <span class='ocrx_word' id='word_1_112' title='bbox 1339 1825 1391 1874; x_wconf 89' lang='lat' dir='ltr'><strong>an.</strong></span> <span class='ocrx_word' id='word_1_113' title='bbox 1411 1805 1437 1874; x_wconf 91' lang='grc' dir='ltr'><strong>Ι.</strong></span> 
     </span>
     <span class='ocr_line' id='line_1_15' title="bbox 206 1924 1435 2013; baseline 0.002 -21"><span class='ocrx_word' id='word_1_114' title='bbox 206 1926 259 1992; x_wconf 83' lang='grc'><strong>34.</strong></span> <span class='ocrx_word' id='word_1_115' title='bbox 283 1928 335 1993; x_wconf 76' lang='grc'><strong>76.</strong></span> <span class='ocrx_word' id='word_1_116' title='bbox 358 1929 410 1994; x_wconf 75' lang='lat' dir='ltr'><strong>tl.</strong></span> <span class='ocrx_word' id='word_1_117' title='bbox 431 1925 488 2004; x_wconf 90' lang='lat' dir='ltr'><strong>IV,</strong></span> <span class='ocrx_word' id='word_1_118' title='bbox 513 1925 580 2012; x_wconf 87' lang='grc'>14),</span> <span class='ocrx_word' id='word_1_119' title='bbox 602 1924 665 1993; x_wconf 91' lang='lat' dir='ltr'><strong>Dio</strong></span> <span class='ocrx_word' id='word_1_120' title='bbox 689 1927 746 2013; x_wconf 88' lang='lat' dir='ltr'><strong>(ci.</strong></span> <span class='ocrx_word' id='word_1_121' title='bbox 766 1925 819 2007; x_wconf 80' lang='lat'><strong>57,</strong></span> <span class='ocrx_word' id='word_1_122' title='bbox 844 1928 911 2010; x_wconf 94' lang='grc'>11),</span> <span class='ocrx_word' id='word_1_123' title='bbox 932 1926 1110 1994; x_wconf 91' lang='lat' dir='ltr'><strong>Suetonius</strong></span> <span class='ocrx_word' id='word_1_124' title='bbox 1135 1926 1193 2002; x_wconf 85' lang='lat' dir='ltr'><strong>(ci.</strong></span> <span class='ocrx_word' id='word_1_125' title='bbox 1215 1927 1287 1996; x_wconf 85' lang='lat' dir='ltr'><strong>Tib.</strong></span> <span class='ocrx_word' id='word_1_126' title='bbox 1311 1925 1435 2012; x_wconf 62' lang='grc'>3147)</span> 
     </span>
     <span class='ocr_line' id='line_1_16' title="bbox 206 2043 1437 2132; baseline 0.001 -21"><span class='ocrx_word' id='word_1_127' title='bbox 206 2045 405 2112; x_wconf 82' lang='lat' dir='ltr'><strong>testimoniis</strong></span> <span class='ocrx_word' id='word_1_128' title='bbox 426 2043 553 2112; x_wconf 83' lang='lat' dir='ltr'><strong>iaciunt</strong></span> <span class='ocrx_word' id='word_1_129' title='bbox 574 2045 718 2131; x_wconf 92' lang='lat' dir='ltr'><strong>planum.</strong></span> <span class='ocrx_word' id='word_1_130' title='bbox 762 2044 851 2111; x_wconf 91' lang='lat' dir='ltr'><strong>ldem</strong></span> <span class='ocrx_word' id='word_1_131' title='bbox 874 2050 1005 2132; x_wconf 89' lang='lat' dir='ltr'><strong>spectat</strong></span> <span class='ocrx_word' id='word_1_132' title='bbox 1029 2047 1072 2113; x_wconf 90' lang='lat' dir='ltr'><strong>ad</strong></span> <span class='ocrx_word' id='word_1_133' title='bbox 1094 2045 1286 2130; x_wconf 84' lang='lat' dir='ltr'><strong>religionem</strong></span> <span class='ocrx_word' id='word_1_134' title='bbox 1315 2044 1437 2116; x_wconf 86' lang='lat' dir='ltr'><strong>verita·</strong></span> 
     </span>
    </p>
   </div>
   <div class='ocr_carea' id='block_1_3' title="bbox 205 2163 1437 2378">
    <p class='ocr_par' dir='ltr' id='par_1_3' title="bbox 205 2163 1437 2378">
     <span class='ocr_line' id='line_1_17' title="bbox 205 2163 1437 2263; baseline -0.001 -33"><span class='ocrx_word' id='word_1_135' title='bbox 205 2173 337 2250; x_wconf 89' lang='lat' dir='ltr'><strong>temque</strong></span> <span class='ocrx_word' id='word_1_136' title='bbox 360 2164 568 2239; x_wconf 87' lang='lat' dir='ltr'><strong>iudiciorum,</strong></span> <span class='ocrx_word' id='word_1_137' title='bbox 591 2165 683 2230; x_wconf 91' lang='lat' dir='ltr'><strong>cuius</strong></span> <span class='ocrx_word' id='word_1_138' title='bbox 706 2163 994 2247; x_wconf 84' lang='lat' dir='ltr'><strong>diligentissimum</strong></span> <span class='ocrx_word' id='word_1_139' title='bbox 1019 2164 1122 2233; x_wconf 84' lang='lat' dir='ltr'><strong>fuisse</strong></span> <span class='ocrx_word' id='word_1_140' title='bbox 1145 2166 1380 2260; x_wconf 81' lang='lat' dir='ltr'><strong>imperatorem</strong></span> <span class='ocrx_word' id='word_1_141' title='bbox 1397 2167 1437 2263; x_wconf 85' lang='lat' dir='ltr'><strong>et</strong></span> 
     </span>
     <span class='ocr_line' id='line_1_18' title="bbox 205 2281 1436 2378; baseline 0.001 -31"><span class='ocrx_word' id='word_1_142' title='bbox 205 2281 350 2350; x_wconf 88' lang='lat' dir='ltr'><strong>Velleius</strong></span> <span class='ocrx_word' id='word_1_143' title='bbox 372 2288 405 2349; x_wconf 88' lang='lat' dir='ltr'><strong>et</strong></span> <span class='ocrx_word' id='word_1_144' title='bbox 426 2282 483 2347; x_wconf 88' lang='lat' dir='ltr'><strong>alii</strong></span> <span class='ocrx_word' id='word_1_145' title='bbox 506 2303 615 2349; x_wconf 92' lang='lat' dir='ltr'><strong>rerum</strong></span> <span class='ocrx_word' id='word_1_146' title='bbox 646 2283 823 2370; x_wconf 86' lang='lat' dir='ltr'><strong>scriptores</strong></span> <span class='ocrx_word' id='word_1_147' title='bbox 852 2290 944 2350; x_wconf 91' lang='lat' dir='ltr'><strong>recte</strong></span> <span class='ocrx_word' id='word_1_148' title='bbox 974 2283 1175 2352; x_wconf 88' lang='lat' dir='ltr'><strong>collaudant.</strong></span> <span class='ocrx_word' id='word_1_149' title='bbox 1218 2282 1270 2351; x_wconf 91' lang='lat' dir='ltr'><strong>lta</strong></span> <span class='ocrx_word' id='word_1_150' title='bbox 1291 2283 1436 2378; x_wconf 81' lang='lat' dir='ltr'><strong>Tacitus,</strong></span> 
     </span>
    </p>
   </div>
   <div class='ocr_carea' id='block_1_4' title="bbox 197 2401 1435 4390">
    <p class='ocr_par' dir='ltr' id='par_1_4' title="bbox 197 2401 1435 4390">
     <span class='ocr_line' id='line_1_19' title="bbox 205 2401 1434 2485; baseline 0.001 -17"><span class='ocrx_word' id='word_1_151' title='bbox 205 2402 258 2468; x_wconf 92' lang='lat' dir='ltr'><strong>cui</strong></span> <span class='ocrx_word' id='word_1_152' title='bbox 282 2403 462 2468; x_wconf 87' lang='lat' dir='ltr'><strong>assentitur</strong></span> <span class='ocrx_word' id='word_1_153' title='bbox 483 2401 657 2484; x_wconf 88' lang='lat' dir='ltr'><strong>Suetonius</strong></span> <span class='ocrx_word' id='word_1_154' title='bbox 679 2401 820 2485; x_wconf 81' lang='lat' dir='ltr'><strong>(ctTib.</strong></span> <span class='ocrx_word' id='word_1_155' title='bbox 838 2403 905 2484; x_wconf 81' lang='lat'>33),</span> <span class='ocrx_word' id='word_1_156' title='bbox 927 2402 1121 2471; x_wconf 87' lang='lat' dir='ltr'><strong>criminibus</strong></span> <span class='ocrx_word' id='word_1_157' title='bbox 1144 2403 1255 2470; x_wconf 86' lang='lat' dir='ltr'><strong>laesae</strong></span> <span class='ocrx_word' id='word_1_158' title='bbox 1278 2403 1434 2470; x_wconf 90' lang='lat' dir='ltr'><strong>maiesta-</strong></span> 
     </span>
     <span class='ocr_line' id='line_1_20' title="bbox 205 2520 1435 2610; baseline 0.001 -24"><span class='ocrx_word' id='word_1_159' title='bbox 205 2520 249 2586; x_wconf 88' lang='lat' dir='ltr'><strong>tis</strong></span> <span class='ocrx_word' id='word_1_160' title='bbox 272 2520 418 2608; x_wconf 84' lang='lat' dir='ltr'><strong>exceptis</strong></span> <span class='ocrx_word' id='word_1_161' title='bbox 440 2520 530 2603; x_wconf 83' lang='lat' dir='ltr'><strong>leges</strong></span> <span class='ocrx_word' id='word_1_162' title='bbox 554 2520 633 2587; x_wconf 89' lang='lat' dir='ltr'><strong>bene</strong></span> <span class='ocrx_word' id='word_1_163' title='bbox 655 2540 729 2588; x_wconf 90' lang='lat' dir='ltr'><strong>esse</strong></span> <span class='ocrx_word' id='word_1_164' title='bbox 758 2522 920 2589; x_wconf 82' lang='lat' dir='ltr'><strong>exercitas</strong></span> <span class='ocrx_word' id='word_1_165' title='bbox 950 2541 1050 2610; x_wconf 89' lang='lat' dir='ltr'><strong>saepe</strong></span> <span class='ocrx_word' id='word_1_166' title='bbox 1071 2524 1107 2589; x_wconf 92' lang='lat' dir='ltr'><strong>in</strong></span> <span class='ocrx_word' id='word_1_167' title='bbox 1129 2521 1304 2589; x_wconf 90' lang='lat' dir='ltr'><strong>annalibus</strong></span> <span class='ocrx_word' id='word_1_168' title='bbox 1330 2520 1435 2590; x_wconf 89' lang='lat' dir='ltr'><strong>tradit</strong></span> 
     </span>
     <span class='ocr_line' id='line_1_21' title="bbox 204 2638 1435 2728; baseline 0 -23"><span class='ocrx_word' id='word_1_169' title='bbox 204 2640 262 2721; x_wconf 88' lang='lat' dir='ltr'><strong>(cf.</strong></span> <span class='ocrx_word' id='word_1_170' title='bbox 285 2638 362 2708; x_wconf 89' lang='lat' dir='ltr'><strong>Tac.</strong></span> <span class='ocrx_word' id='word_1_171' title='bbox 386 2659 437 2706; x_wconf 88' lang='lat' dir='ltr'><strong>an.</strong></span> <span class='ocrx_word' id='word_1_172' title='bbox 462 2638 488 2711; x_wconf 88' lang='lat' dir='ltr'><strong>l,</strong></span> <span class='ocrx_word' id='word_1_173' title='bbox 504 2639 553 2706; x_wconf 75' lang='lat'><strong>75.</strong></span> <span class='ocrx_word' id='word_1_174' title='bbox 576 2638 632 2721; x_wconf 91' lang='lat' dir='ltr'><strong>IV,</strong></span> <span class='ocrx_word' id='word_1_175' title='bbox 654 2641 675 2706; x_wconf 87' lang='grc'>6</span> <span class='ocrx_word' id='word_1_176' title='bbox 698 2649 731 2708; x_wconf 89' lang='lat' dir='ltr'><strong>et</strong></span> <span class='ocrx_word' id='word_1_177' title='bbox 753 2643 799 2727; x_wconf 80' lang='lat' dir='ltr'><strong>l).</strong></span> <span class='ocrx_word' id='word_1_178' title='bbox 843 2639 984 2708; x_wconf 82' lang='lat' dir='ltr'><strong>Multum</strong></span> <span class='ocrx_word' id='word_1_179' title='bbox 1008 2661 1104 2728; x_wconf 92' lang='lat' dir='ltr'><strong>porro</strong></span> <span class='ocrx_word' id='word_1_180' title='bbox 1126 2659 1246 2726; x_wconf 89' lang='lat' dir='ltr'><strong>operae</strong></span> <span class='ocrx_word' id='word_1_181' title='bbox 1270 2639 1362 2707; x_wconf 87' lang='lat' dir='ltr'><strong>dedit</strong></span> <span class='ocrx_word' id='word_1_182' title='bbox 1379 2640 1435 2707; x_wconf 90' lang='lat' dir='ltr'><strong>Ti-</strong></span> 
     </span>
     <span class='ocr_line' id='line_1_22' title="bbox 205 2757 1433 2849; baseline 0 -25"><span class='ocrx_word' id='word_1_183' title='bbox 205 2757 333 2840; x_wconf 87' lang='lat' dir='ltr'><strong>berius,</strong></span> <span class='ocrx_word' id='word_1_184' title='bbox 365 2765 401 2825; x_wconf 94' lang='lat' dir='ltr'><strong>ut</strong></span> <span class='ocrx_word' id='word_1_185' title='bbox 430 2777 538 2825; x_wconf 91' lang='lat' dir='ltr'><strong>mores</strong></span> <span class='ocrx_word' id='word_1_186' title='bbox 569 2760 838 2841; x_wconf 87' lang='lat' dir='ltr'><strong>emendarentur,</strong></span> <span class='ocrx_word' id='word_1_187' title='bbox 871 2779 975 2849; x_wconf 88' lang='lat' dir='ltr'><strong>eaque</strong></span> <span class='ocrx_word' id='word_1_188' title='bbox 1005 2761 1046 2826; x_wconf 91' lang='lat' dir='ltr'><strong>de</strong></span> <span class='ocrx_word' id='word_1_189' title='bbox 1079 2778 1180 2826; x_wconf 90' lang='lat' dir='ltr'><strong>causa</strong></span> <span class='ocrx_word' id='word_1_190' title='bbox 1211 2758 1433 2844; x_wconf 90' lang='lat' dir='ltr'><strong>compluribus</strong></span> 
     </span>
     <span class='ocr_line' id='line_1_23' title="bbox 202 2876 1432 2966; baseline 0 -23"><span class='ocrx_word' id='word_1_191' title='bbox 202 2897 282 2943; x_wconf 87' lang='lat' dir='ltr'><strong>usus</strong></span> <span class='ocrx_word' id='word_1_192' title='bbox 305 2889 356 2944; x_wconf 90' lang='lat' dir='ltr'><strong>ast</strong></span> <span class='ocrx_word' id='word_1_193' title='bbox 378 2876 536 2962; x_wconf 89' lang='lat' dir='ltr'><strong>consiliis,</strong></span> <span class='ocrx_word' id='word_1_194' title='bbox 557 2878 677 2966; x_wconf 88' lang='lat' dir='ltr'><strong>quibus</strong></span> <span class='ocrx_word' id='word_1_195' title='bbox 701 2879 917 2948; x_wconf 89' lang='lat' dir='ltr'><strong>obsisteretur</strong></span> <span class='ocrx_word' id='word_1_196' title='bbox 939 2877 1132 2946; x_wconf 89' lang='lat' dir='ltr'><strong>libidinibus</strong></span> <span class='ocrx_word' id='word_1_197' title='bbox 1149 2883 1249 2966; x_wconf 88' lang='lat' dir='ltr'><strong>atque</strong></span> <span class='ocrx_word' id='word_1_198' title='bbox 1271 2877 1432 2963; x_wconf 90' lang='lat' dir='ltr'><strong>intempe-</strong></span> 
     </span>
     <span class='ocr_line' id='line_1_24' title="bbox 202 2994 1430 3086; baseline 0.001 -25"><span class='ocrx_word' id='word_1_199' title='bbox 202 2997 339 3078; x_wconf 86' lang='lat' dir='ltr'><strong>rantiae.</strong></span> <span class='ocrx_word' id='word_1_200' title='bbox 384 2994 585 3080; x_wconf 75' lang='lat' dir='ltr'><strong>Quamne,</strong></span> <span class='ocrx_word' id='word_1_201' title='bbox 614 3019 713 3086; x_wconf 90' lang='lat' dir='ltr'><strong>quum</strong></span> <span class='ocrx_word' id='word_1_202' title='bbox 736 2999 871 3066; x_wconf 87' lang='lat' dir='ltr'><strong>Tacitus</strong></span> <span class='ocrx_word' id='word_1_203' title='bbox 893 2998 951 3080; x_wconf 83' lang='lat' dir='ltr'><strong>(cl.</strong></span> <span class='ocrx_word' id='word_1_204' title='bbox 974 3017 1026 3063; x_wconf 92' lang='lat' dir='ltr'><strong>an.</strong></span> <span class='ocrx_word' id='word_1_205' title='bbox 1049 2995 1089 3080; x_wconf 92' lang='lat' dir='ltr'><strong>Il,</strong></span> <span class='ocrx_word' id='word_1_206' title='bbox 1112 2997 1168 3075; x_wconf 86' lang='lat'><strong>85)</strong></span> <span class='ocrx_word' id='word_1_207' title='bbox 1199 3002 1232 3063; x_wconf 89' lang='lat' dir='ltr'><strong>et</strong></span> <span class='ocrx_word' id='word_1_208' title='bbox 1253 2996 1430 3064; x_wconf 91' lang='lat' dir='ltr'><strong>Suetonius</strong></span> 
     </span>
     <span class='ocr_line' id='line_1_25' title="bbox 203 3112 1430 3197; baseline 0.001 -18"><span class='ocrx_word' id='word_1_209' title='bbox 203 3112 260 3196; x_wconf 84' lang='lat' dir='ltr'><strong>(ci.</strong></span> <span class='ocrx_word' id='word_1_210' title='bbox 284 3112 354 3179; x_wconf 90' lang='lat' dir='ltr'><strong>Tib.</strong></span> <span class='ocrx_word' id='word_1_211' title='bbox 378 3115 431 3181; x_wconf 81' lang='lat'><strong>33.</strong></span> <span class='ocrx_word' id='word_1_212' title='bbox 453 3116 507 3186; x_wconf 84' lang='lat'><strong>35.</strong></span> <span class='ocrx_word' id='word_1_213' title='bbox 529 3117 586 3197; x_wconf 78' lang='lat'><strong>54)</strong></span> <span class='ocrx_word' id='word_1_214' title='bbox 609 3118 697 3184; x_wconf 88' lang='lat' dir='ltr'><strong>idem</strong></span> <span class='ocrx_word' id='word_1_215' title='bbox 720 3118 787 3184; x_wconf 88' lang='lat' dir='ltr'><strong>iere</strong></span> <span class='ocrx_word' id='word_1_216' title='bbox 810 3119 972 3192; x_wconf 84' lang='lat' dir='ltr'><strong>referant,</strong></span> <span class='ocrx_word' id='word_1_217' title='bbox 1004 3114 1146 3183; x_wconf 91' lang='lat' dir='ltr'><strong>Velleius</strong></span> <span class='ocrx_word' id='word_1_218' title='bbox 1177 3115 1333 3181; x_wconf 88' lang='lat' dir='ltr'><strong>vanitatis</strong></span> <span class='ocrx_word' id='word_1_219' title='bbox 1362 3134 1430 3180; x_wconf 93' lang='lat' dir='ltr'><strong>non</strong></span> 
     </span>
     <span class='ocr_line' id='line_1_26' title="bbox 203 3230 1431 3322; baseline -0.001 -24"><span class='ocrx_word' id='word_1_220' title='bbox 203 3236 255 3298; x_wconf 88' lang='lat' dir='ltr'><strong>est</strong></span> <span class='ocrx_word' id='word_1_221' title='bbox 283 3234 507 3318; x_wconf 86' lang='lat' dir='ltr'><strong>accusandus,</strong></span> <span class='ocrx_word' id='word_1_222' title='bbox 541 3236 597 3322; x_wconf 89' lang='lat' dir='ltr'><strong>qui</strong></span> <span class='ocrx_word' id='word_1_223' title='bbox 626 3235 734 3302; x_wconf 89' lang='lat' dir='ltr'><strong>verbis</strong></span> <span class='ocrx_word' id='word_1_224' title='bbox 765 3236 846 3303; x_wconf 89' lang='lat' dir='ltr'><strong>dicit</strong></span> <span class='ocrx_word' id='word_1_225' title='bbox 874 3236 980 3304; x_wconf 89' lang='lat' dir='ltr'><strong>hisce:</strong></span> <span class='ocrx_word' id='word_1_226' title='bbox 1012 3233 1185 3318; x_wconf 88' lang='lat' dir='ltr'><strong>„Virtutes</strong></span> <span class='ocrx_word' id='word_1_227' title='bbox 1216 3230 1431 3316; x_wconf 89' lang='lat' dir='ltr'><strong>honorantur,</strong></span> 
     </span>
     <span class='ocr_line' id='line_1_27' title="bbox 202 3351 1429 3448; baseline 0.001 -31"><span class='ocrx_word' id='word_1_228' title='bbox 202 3352 282 3418; x_wconf 86' lang='lat' dir='ltr'><strong>vitia</strong></span> <span class='ocrx_word' id='word_1_229' title='bbox 303 3353 514 3448; x_wconf 87' lang='lat' dir='ltr'><strong>puniuntur.“</strong></span> <span class='ocrx_word' id='word_1_230' title='bbox 559 3355 671 3441; x_wconf 89' lang='lat' dir='ltr'><strong>Neque</strong></span> <span class='ocrx_word' id='word_1_231' title='bbox 694 3357 728 3421; x_wconf 92' lang='lat' dir='ltr'><strong>in</strong></span> <span class='ocrx_word' id='word_1_232' title='bbox 750 3354 806 3436; x_wconf 91' lang='lat' dir='ltr'><strong>iis,</strong></span> <span class='ocrx_word' id='word_1_233' title='bbox 839 3375 922 3442; x_wconf 86' lang='lat' dir='ltr'><strong>quae</strong></span> <span class='ocrx_word' id='word_1_234' title='bbox 950 3352 1090 3438; x_wconf 87' lang='lat' dir='ltr'><strong>legimus</strong></span> <span class='ocrx_word' id='word_1_235' title='bbox 1119 3353 1160 3421; x_wconf 91' lang='lat' dir='ltr'><strong>de</strong></span> <span class='ocrx_word' id='word_1_236' title='bbox 1181 3352 1244 3417; x_wconf 92' lang='lat' dir='ltr'><strong>fide</strong></span> <span class='ocrx_word' id='word_1_237' title='bbox 1265 3351 1300 3417; x_wconf 94' lang='lat' dir='ltr'><strong>in</strong></span> <span class='ocrx_word' id='word_1_238' title='bbox 1321 3353 1429 3418; x_wconf 88' lang='lat' dir='ltr'><strong>forum</strong></span> 
     </span>
     <span class='ocr_line' id='line_1_28' title="bbox 201 3469 1429 3558; baseline 0.002 -24"><span class='ocrx_word' id='word_1_239' title='bbox 201 3477 364 3550; x_wconf 90' lang='lat' dir='ltr'><strong>revocata,</strong></span> <span class='ocrx_word' id='word_1_240' title='bbox 387 3471 427 3540; x_wconf 90' lang='lat' dir='ltr'><strong>dc</strong></span> <span class='ocrx_word' id='word_1_241' title='bbox 449 3473 612 3540; x_wconf 88' lang='lat' dir='ltr'><strong>seditione</strong></span> <span class='ocrx_word' id='word_1_242' title='bbox 635 3495 652 3540; x_wconf 93' lang='lat' dir='ltr'><strong>e</strong></span> <span class='ocrx_word' id='word_1_243' title='bbox 675 3474 748 3539; x_wconf 88' lang='lat' dir='ltr'><strong>foro</strong></span> <span class='ocrx_word' id='word_1_244' title='bbox 771 3479 945 3553; x_wconf 87' lang='lat' dir='ltr'><strong>summota,</strong></span> <span class='ocrx_word' id='word_1_245' title='bbox 972 3474 1116 3558; x_wconf 89' lang='lat' dir='ltr'><strong>scriptor</strong></span> <span class='ocrx_word' id='word_1_246' title='bbox 1144 3469 1309 3537; x_wconf 85' lang='lat' dir='ltr'><strong>invenitur</strong></span> <span class='ocrx_word' id='word_1_247' title='bbox 1336 3488 1429 3537; x_wconf 91' lang='lat' dir='ltr'><strong>men·</strong></span> 
     </span>
     <span class='ocr_line' id='line_1_29' title="bbox 201 3588 1428 3679; baseline -0.001 -26"><span class='ocrx_word' id='word_1_248' title='bbox 201 3589 277 3655; x_wconf 82' lang='lat' dir='ltr'><strong>dax.</strong></span> <span class='ocrx_word' id='word_1_249' title='bbox 306 3589 401 3656; x_wconf 75' lang='lat' dir='ltr'><strong>ilem</strong></span> <span class='ocrx_word' id='word_1_250' title='bbox 424 3611 551 3679; x_wconf 87' lang='lat' dir='ltr'><strong>quoque</strong></span> <span class='ocrx_word' id='word_1_251' title='bbox 573 3592 824 3660; x_wconf 86' lang='lat' dir='ltr'><strong>frumentariam</strong></span> <span class='ocrx_word' id='word_1_252' title='bbox 847 3605 1073 3678; x_wconf 86' lang='lat' dir='ltr'><strong>annonamque</strong></span> <span class='ocrx_word' id='word_1_253' title='bbox 1090 3588 1253 3656; x_wconf 75' lang='lat' dir='ltr'><strong>aliberio</strong></span> <span class='ocrx_word' id='word_1_254' title='bbox 1276 3588 1428 3654; x_wconf 90' lang='lat' dir='ltr'><strong>modera-</strong></span> 
     </span>
     <span class='ocr_line' id='line_1_30' title="bbox 201 3705 1429 3779; baseline 0.002 -8"><span class='ocrx_word' id='word_1_255' title='bbox 201 3710 269 3773; x_wconf 87' lang='lat' dir='ltr'><strong>tam</strong></span> <span class='ocrx_word' id='word_1_256' title='bbox 292 3708 327 3774; x_wconf 92' lang='lat' dir='ltr'><strong>in</strong></span> <span class='ocrx_word' id='word_1_257' title='bbox 348 3709 517 3776; x_wconf 90' lang='lat' dir='ltr'><strong>Velleiano</strong></span> <span class='ocrx_word' id='word_1_258' title='bbox 540 3710 625 3779; x_wconf 90' lang='lat' dir='ltr'><strong>libro</strong></span> <span class='ocrx_word' id='word_1_259' title='bbox 647 3732 711 3778; x_wconf 94' lang='lat' dir='ltr'><strong>nen</strong></span> <span class='ocrx_word' id='word_1_260' title='bbox 730 3711 893 3778; x_wconf 90' lang='lat' dir='ltr'><strong>immerito</strong></span> <span class='ocrx_word' id='word_1_261' title='bbox 917 3729 988 3778; x_wconf 93' lang='lat' dir='ltr'><strong>esse</strong></span> <span class='ocrx_word' id='word_1_262' title='bbox 1010 3707 1166 3776; x_wconf 86' lang='lat' dir='ltr'><strong>laudatas</strong></span> <span class='ocrx_word' id='word_1_263' title='bbox 1188 3705 1293 3774; x_wconf 88' lang='lat' dir='ltr'><strong>Taciti</strong></span> <span class='ocrx_word' id='word_1_264' title='bbox 1315 3709 1429 3774; x_wconf 89' lang='lat' dir='ltr'><strong>aucto·</strong></span> 
     </span>
     <span class='ocr_line' id='line_1_31' title="bbox 200 3823 1427 3916; baseline 0 -24"><span class='ocrx_word' id='word_1_265' title='bbox 200 3827 297 3904; x_wconf 88' lang='lat' dir='ltr'><strong>ritate</strong></span> <span class='ocrx_word' id='word_1_266' title='bbox 326 3834 437 3914; x_wconf 88' lang='lat' dir='ltr'><strong>potest</strong></span> <span class='ocrx_word' id='word_1_267' title='bbox 465 3829 673 3916; x_wconf 87' lang='lat' dir='ltr'><strong>comprobari</strong></span> <span class='ocrx_word' id='word_1_268' title='bbox 702 3829 761 3916; x_wconf 85' lang='lat' dir='ltr'><strong>(ct.</strong></span> <span class='ocrx_word' id='word_1_269' title='bbox 783 3850 835 3897; x_wconf 91' lang='lat' dir='ltr'><strong>an.</strong></span> <span class='ocrx_word' id='word_1_270' title='bbox 859 3826 911 3910; x_wconf 87' lang='grc' dir='ltr'>ΙΙΙ,</span> <span class='ocrx_word' id='word_1_271' title='bbox 933 3829 963 3894; x_wconf 88' lang='grc'><strong>6.</strong></span> <span class='ocrx_word' id='word_1_272' title='bbox 988 3827 1050 3907; x_wconf 89' lang='lat' dir='ltr'><strong>IV,</strong></span> <span class='ocrx_word' id='word_1_273' title='bbox 1075 3824 1284 3914; x_wconf 72' lang='lat' dir='ltr'><strong>callet).</strong></span> <span class='ocrx_word' id='word_1_274' title='bbox 1327 3823 1427 3892; x_wconf 88' lang='lat' dir='ltr'><strong>Prae-</strong></span> 
     </span>
     <span class='ocr_line' id='line_1_32' title="bbox 200 3942 1427 4033; baseline -0.001 -24"><span class='ocrx_word' id='word_1_275' title='bbox 200 3945 295 4030; x_wconf 90' lang='lat' dir='ltr'><strong>cipue</strong></span> <span class='ocrx_word' id='word_1_276' title='bbox 322 3966 401 4026; x_wconf 37' lang='lat' dir='ltr'><strong>,vero</strong></span> <span class='ocrx_word' id='word_1_277' title='bbox 430 3948 676 4033; x_wconf 89' lang='lat' dir='ltr'><strong>provinciarum</strong></span> <span class='ocrx_word' id='word_1_278' title='bbox 709 3954 833 4016; x_wconf 89' lang='lat' dir='ltr'><strong>statum</strong></span> <span class='ocrx_word' id='word_1_279' title='bbox 864 3947 923 4014; x_wconf 93' lang='lat' dir='ltr'><strong>sub</strong></span> <span class='ocrx_word' id='word_1_280' title='bbox 954 3945 1076 4016; x_wconf 90' lang='lat' dir='ltr'><strong>Tiberii</strong></span> <span class='ocrx_word' id='word_1_281' title='bbox 1104 3945 1294 4030; x_wconf 89' lang='lat' dir='ltr'><strong>principatu</strong></span> <span class='ocrx_word' id='word_1_282' title='bbox 1320 3942 1427 4009; x_wconf 80' lang='lat' dir='ltr'><strong>luisse</strong></span> 
     </span>
     <span class='ocr_line' id='line_1_33' title="bbox 199 4060 1427 4150; baseline -0.001 -22"><span class='ocrx_word' id='word_1_283' title='bbox 199 4065 366 4147; x_wconf 87' lang='lat' dir='ltr'><strong>egregium</strong></span> <span class='ocrx_word' id='word_1_284' title='bbox 388 4070 422 4132; x_wconf 89' lang='lat' dir='ltr'><strong>et</strong></span> <span class='ocrx_word' id='word_1_285' title='bbox 445 4065 591 4134; x_wconf 90' lang='lat' dir='ltr'><strong>Velleius</strong></span> <span class='ocrx_word' id='word_1_286' title='bbox 614 4071 649 4134; x_wconf 93' lang='lat' dir='ltr'><strong>et</strong></span> <span class='ocrx_word' id='word_1_287' title='bbox 678 4068 734 4135; x_wconf 88' lang='lat' dir='ltr'><strong>alii</strong></span> <span class='ocrx_word' id='word_1_288' title='bbox 765 4066 913 4135; x_wconf 89' lang='lat' dir='ltr'><strong>historici</strong></span> <span class='ocrx_word' id='word_1_289' title='bbox 934 4064 1066 4132; x_wconf 85' lang='lat' dir='ltr'><strong>Tacitus</strong></span> <span class='ocrx_word' id='word_1_290' title='bbox 1090 4061 1148 4150; x_wconf 86' lang='lat' dir='ltr'><strong>(ci.</strong></span> <span class='ocrx_word' id='word_1_291' title='bbox 1173 4083 1226 4130; x_wconf 88' lang='lat' dir='ltr'><strong>an.</strong></span> <span class='ocrx_word' id='word_1_292' title='bbox 1248 4060 1273 4142; x_wconf 93' lang='grc' dir='ltr'><strong>Ι,</strong></span> <span class='ocrx_word' id='word_1_293' title='bbox 1295 4063 1346 4128; x_wconf 88' lang='lat'><strong>80.</strong></span> <span class='ocrx_word' id='word_1_294' title='bbox 1370 4060 1427 4144; x_wconf 87' lang='lat' dir='ltr'><strong>lv,</strong></span> 
     </span>
     <span class='ocr_line' id='line_1_34' title="bbox 198 4179 1426 4268; baseline -0.002 -21"><span class='ocrx_word' id='word_1_295' title='bbox 198 4181 245 4266; x_wconf 87' lang='grc'><strong>6),</strong></span> <span class='ocrx_word' id='word_1_296' title='bbox 267 4182 445 4252; x_wconf 89' lang='lat' dir='ltr'><strong>Suetonius</strong></span> <span class='ocrx_word' id='word_1_297' title='bbox 466 4185 525 4262; x_wconf 86' lang='lat' dir='ltr'><strong>(ci.</strong></span> <span class='ocrx_word' id='word_1_298' title='bbox 547 4186 617 4253; x_wconf 89' lang='lat' dir='ltr'><strong>Tib.</strong></span> <span class='ocrx_word' id='word_1_299' title='bbox 639 4187 710 4268; x_wconf 79' lang='lat'><strong>32),</strong></span> <span class='ocrx_word' id='word_1_300' title='bbox 731 4184 795 4252; x_wconf 91' lang='lat' dir='ltr'><strong>Dio</strong></span> <span class='ocrx_word' id='word_1_301' title='bbox 819 4185 878 4268; x_wconf 83' lang='lat' dir='ltr'><strong>(cf.</strong></span> <span class='ocrx_word' id='word_1_302' title='bbox 898 4183 952 4266; x_wconf 79' lang='lat' dir='ltr'><strong>ol,</strong></span> <span class='ocrx_word' id='word_1_303' title='bbox 976 4183 1032 4267; x_wconf 90' lang='grc'><strong>10)</strong></span> <span class='ocrx_word' id='word_1_304' title='bbox 1056 4186 1133 4247; x_wconf 89' lang='lat' dir='ltr'><strong>sunt</strong></span> <span class='ocrx_word' id='word_1_305' title='bbox 1159 4185 1273 4248; x_wconf 87' lang='lat' dir='ltr'><strong>testes.</strong></span> <span class='ocrx_word' id='word_1_306' title='bbox 1316 4179 1426 4248; x_wconf 88' lang='lat' dir='ltr'><strong>Etiam</strong></span> 
     </span>
     <span class='ocr_line' id='line_1_35' title="bbox 197 4297 1428 4390; baseline -0.002 -25"><span class='ocrx_word' id='word_1_307' title='bbox 197 4299 243 4382; x_wconf 87' lang='lat' dir='ltr'><strong>id,</strong></span> <span class='ocrx_word' id='word_1_308' title='bbox 266 4301 354 4388; x_wconf 90' lang='lat' dir='ltr'><strong>quod</strong></span> <span class='ocrx_word' id='word_1_309' title='bbox 377 4301 525 4372; x_wconf 88' lang='lat' dir='ltr'><strong>Velleius</strong></span> <span class='ocrx_word' id='word_1_310' title='bbox 546 4302 666 4372; x_wconf 83' lang='lat' dir='ltr'><strong>tradit:</strong></span> <span class='ocrx_word' id='word_1_311' title='bbox 700 4303 824 4378; x_wconf 87' lang='lat' dir='ltr'><strong>„honor</strong></span> <span class='ocrx_word' id='word_1_312' title='bbox 853 4302 962 4388; x_wconf 88' lang='lat' dir='ltr'><strong>dignis</strong></span> <span class='ocrx_word' id='word_1_313' title='bbox 984 4299 1233 4390; x_wconf 89' lang='lat' dir='ltr'><strong>paratissimus,</strong></span> <span class='ocrx_word' id='word_1_314' title='bbox 1263 4317 1370 4384; x_wconf 89' lang='lat' dir='ltr'><strong>poena</strong></span> <span class='ocrx_word' id='word_1_315' title='bbox 1390 4297 1428 4362; x_wconf 93' lang='lat' dir='ltr'><strong>in</strong></span> 
     </span>
    </p>
   </div>
   <div class='ocr_carea' id='block_1_5' title="bbox 1221 4462 1259 4528">
    <p class='ocr_par' dir='ltr' id='par_1_5' title="bbox 1221 4462 1259 4528">
     <span class='ocr_line' id='line_1_36' title="bbox 1221 4462 1259 4528; baseline 0 -22"><span class='ocrx_word' id='word_1_316' title='bbox 1221 4462 1259 4528; x_wconf 61' lang='lat'><strong>2·</strong></span> 
     </span>
    </p>
   </div>
   <div class='ocr_carea' id='block_1_6' title="bbox 0 0 1580 4764">
    <p class='ocr_par' dir='ltr' id='par_1_6' title="bbox 0 0 1580 4764">
     <span class='ocr_line' id='line_1_37' title="bbox 0 0 1580 4764; baseline 0 3"><span class='ocrx_word' id='word_1_317' title='bbox 0 0 1580 4764; x_wconf 95' lang='lat' dir='ltr'><strong> </strong></span> 
     </span>
    </p>
   </div>
  </div>
 </body>
</html>
