3150 4764
621 199 918 266 ..13-

157 385 224 446 tam
247 376 389 444 feliciter
411 372 459 440 rei
481 369 716 439 frumentariae
735 371 880 458 inopiam
904 371 1113 456 sublevasse,
1135 379 1172 443 ut
1195 397 1289 444 nemo
1314 395 1378 445 oon

155 495 390 577 intellexisset,
422 497 564 580 quantus
594 493 683 556 cisat
712 509 871 556 evasurus
902 492 959 573 (ci.
983 493 1043 574 94,
1068 495 1113 566 1).
1156 493 1250 572 Quod
1280 486 1378 582 plano¹

157 637 229 686 esse
250 615 360 683 fiotum
382 611 530 699 equidem
554 629 617 675 non
634 627 764 687 censeo,
785 627 883 697 quum
906 610 1072 678 Tiberium
1094 616 1279 681 nonminus
1302 615 1380 682 belli

158 754 254 825 quam
275 734 370 820 pacis
382 729 509 797 artibus
531 727 634 795 luisse
656 729 818 810 insignem
841 733 968 796 constet
984 735 1082 816 atqua
1105 731 1205 798 ctiam
1223 753 1289 799 non
1311 736 1379 801 dis-

156 855 280 924 sentiat
301 853 342 920 de
362 870 399 917 re
420 850 496 935 ipsa
518 847 714 926 Suetonius,
737 847 792 933 qui
814 848 932 915 refert:
966 847 1141 935 „interque
1164 849 1246 918 haec
1269 852 1378 939 dupli·

157 994 227 1042 cem
251 991 361 1040 curam
393 964 638 1034 administrarit
660 985 826 1043 annonas,
856 985 941 1052 quae
963 969 1088 1035 arctior
1111 970 1296 1038 inciderat‘
1319 974 1377 1058 (ci.

156 1094 247 1161 Suet.
268 1089 339 1157 Tib.
362 1087 408 1174 8).
450 1087 607 1152 Attamen
630 1084 663 1150 in
686 1083 862 1151 Velleianis
880 1084 989 1151 verbis
1012 1089 1176 1172 quoddam
1198 1109 1270 1155 esso
1293 1089 1376 1156 ado-

156 1209 248 1278 landi
278 1207 423 1276 studium
452 1203 623 1289 utriusque
653 1204 828 1290 scriptoris
851 1210 1046 1291 comparata
1066 1209 1256 1275 narratione
1278 1208 1377 1276 facile

156 1334 188 1398 in
211 1334 324 1415 aperto
348 1333 409 1393 est.

240 1443 378 1533 Aliquid
409 1440 517 1509 similo
540 1439 664 1508 Velleio
694 1441 816 1508 accidit
843 1441 878 1506 in
902 1441 1073 1508 consulatu
1098 1452 1131 1508 et
1154 1444 1187 1508 in
1210 1449 1377 1530 potestate

156 1565 333 1634 tribunicia
355 1558 670 1642 commemorandis,
701 1561 742 1626 de
774 1559 892 1646 quibus
918 1559 1109 1627 muneribus
1133 1563 1193 1628 boc
1216 1561 1287 1628 loco
1311 1584 1377 1630 non

156 1680 502 1766 fossetdisserendum,
523 1678 585 1744 nisi
599 1679 841 1746 assentationes
864 1677 1048 1745 adiecisset.
1093 1680 1182 1746 Haeo
1196 1681 1283 1748 enim
1301 1691 1378 1749 sunt

155 1806 225 1874 eius
249 1801 365 1870 verba:
397 1798 540 1878 „civium
570 1802 647 1882 post
668 1815 786 1878 unum,
811 1804 844 1864 at
865 1795 946 1878 boo,
969 1797 1048 1882 quia
1070 1797 1210 1880 volebat,
1233 1801 1377 1867 eminen-

155 1925 324 1991 tissimus“
356 1916 551 2003 (of.11.99,
576 1915 619 2002 1).
665 1915 754 1994 Quae
784 1935 825 1982 es
852 1915 1033 1982 adulatoris
1062 1915 1178 2000 lingua
1207 1916 1377 1986 effluxisse

155 2065 221 2110 non
243 2041 348 2110 solum
370 2057 429 2126 per
451 2055 486 2102 se
508 2033 759 2121 comprobatur,
790 2034 848 2100 sed
870 2035 968 2101 etiam
990 2055 1030 2102 ea
1052 2045 1106 2118 re,
1123 2036 1210 2122 quod
1235 2038 1378 2121 Augusti

155 2157 383 2232 tantummodo
405 2153 561 2223 beneficio
583 2152 732 2220 Tiberius
754 2151 820 2219 illis
841 2151 1018 2220 bonoribus
1041 2158 1177 2220 ornatus
1200 2161 1260 2222 est.

154 2311 156 2316 ·
240 2280 290 2348 De
317 2273 454 2362 reliquis
475 2270 683 2346 muneribus,
713 2289 797 2358 qnae
819 2279 895 2339 ante
915 2272 1056 2355 Augusti
1079 2272 1204 2339 obitum
1226 2273 1376 2342 Tiberius

49 2457 51 2462 ,
155 2395 327 2472 sustinuit,
356 2392 405 2460 nil
432 2393 575 2480 scriptor
604 2400 718 2457 narrat
740 2397 879 2476 excepto
909 2390 1096 2471 tribunatu,
1129 2411 1194 2478 qua
1216 2391 1376 2477 dignitate

155 2516 270 2585 ilbodo
292 2531 458 2582 reversum
471 2512 591 2578 iterum
613 2509 732 2578 Caesar
746 2509 932 2595 privignum
955 2509 1130 2577 bonoravit
1152 2509 1211 2594 (cf.
1234 2512 1307 2591 103,
1328 2515 1376 2597 2).

40 2641 43 2650 ’
155 2637 192 2705 ln
214 2657 254 2704 ea
276 2653 352 2702 vero
375 2636 409 2698 et
429 2629 464 2696 iu
485 2629 673 2715 adoptione,
695 2631 869 2714 quactum
894 2632 946 2695 cst
966 2635 1088 2708 secuta,
1111 2632 1304 2698 enarrandis
1329 2639 1378 2700 tot

155 2756 324 2839 tantisque
346 2753 497 2817 versatur
518 2745 690 2822 laudibus,
711 2753 749 2814 ut
770 2745 971 2814 adulationis
995 2748 1134 2815 crimine
1157 2750 1289 2816 omnino
1312 2771 1377 2818 non

155 2877 200 2944 sit
220 2869 421 2941 liberandus.
465 2866 530 2935 Sed
559 2865 625 2933 alio
657 2864 730 2933 loco
753 2865 795 2932 de
817 2863 879 2933 hac
900 2885 936 2932 re
957 2864 1056 2951 paulo
1081 2866 1213 2934 uberius
1235 2875 1286 2936 est
1307 2867 1376 2936 dis-

155 2993 347 3082 putandum.
389 2989 503 3074 Neque
533 2990 644 3053 tamen
665 2985 833 3066 omittam,
866 2985 952 3070 quod
983 2983 1085 3052 tradit
1106 2985 1267 3056 Velleius:
1289 2989 1376 3068 „Ac-

156 3117 227 3202 cipe
249 3129 346 3194 nunc,
369 3107 415 3174 Μ.
436 3105 565 3187 Vinici,
594 3104 779 3178 tantumin
800 3101 886 3170 bello
908 3103 1033 3184 ducem,
1058 3107 1273 3190 quantumin
1295 3127 1376 3193 paco

155 3235 246 3302 vides
266 3228 473 3318 principem“
495 3223 549 3308 (of.
574 3223 653 3302 113,
676 3223 722 3308 1).
764 3221 849 3288 Nam
870 3221 913 3289 ob
935 3222 1016 3289 baec
1037 3222 1155 3300 uerba,
1178 3243 1375 3311 quamquam

155 3373 214 3440 pro
237 3351 332 3416 ranis
352 3344 558 3432 accipiantur
578 3359 712 3408 necesse
734 3360 800 3407 non
822 3347 891 3421 est,
914 3347 1092 3428 propterea
1114 3342 1202 3429 qnod
1225 3342 1376 3412 Tiberius

154 3494 190 3540 re
212 3488 291 3536 vera
307 3464 459 3550 egregiae
471 3457 768 3528 administrationis
780 3457 885 3525 edidit
906 3459 1099 3545 specimina,
1121 3459 1283 3528 Velleium
1305 3482 1376 3530 onr-

156 3592 211 3658 nia
232 3590 267 3656 in
282 3583 442 3675 principis
463 3581 569 3666 gloria
590 3582 771 3646 vertentem
785 3595 940 3660 magnam
962 3578 1074 3647 subire
1097 3578 1375 3666 vituperationem

154 3711 362 3795 inpromptu
385 3706 445 3770 est.

239 3824 333 3906 Quod
355 3822 443 3891 idem
466 3818 607 3906 pertinet
631 3816 673 3882 ad
695 3814 950 3901 descriptionem
971 3815 1137 3884 Tiberiani
1159 3817 1376 3905 principatus,

153 3952 194 4019 de
217 3966 281 4036 quo
303 3942 437 4011 uberius
460 3937 603 4005 Velleius
631 3936 700 4018 agit
721 3953 820 4022 quam
848 3936 888 4002 de
917 3934 1107 4001 muneribus
1135 3941 1212 4003 ante
1233 3937 1377 4020 Augusti

152 4074 292 4136 mortem
314 4056 564 4131 administratis.
607 4053 737 4121 Etenim
760 4054 789 4120 si
809 4052 929 4120 nimius
952 4055 1058 4120 estin
1087 4053 1292 4122 celebrandis
1313 4055 1376 4122 im·

151 4186 313 4275 peratoris
342 4178 468 4249 meritis
499 4181 596 4261 atquo
628 4174 710 4242 adeo
742 4173 889 4258 impense
919 4191 994 4238 eum
1023 4171 1187 4257 adulatur,
1218 4179 1256 4240 ut
1285 4179 1375 4240 recto

153 4305 298 4374 narratio
320 4295 520 4368 nominanda
542 4295 586 4362 sit
606 4293 836 4381 panegyricus,
867 4297 978 4358 tamen
999 4289 1035 4357 in
1056 4291 1154 4358 rebus
1183 4290 1264 4379 ipsis
1295 4291 1374 4360 alie-
