3150 4764
684 269 959 331 -.-.-7,-

211 446 322 508 tamen
344 441 516 526 scriptoris
539 440 726 506 defensores
748 441 947 507 exstiterunt
968 438 1170 525 multumque
1191 455 1309 526 operae
1330 453 1429 500 nava-

211 566 297 634 runt.
317 567 355 626 ut
376 559 494 626 melius
517 556 557 626 de
580 577 618 625 eo
641 558 897 625 existimandum
913 576 986 625 esse
1008 557 1281 625 demonstrarent
1326 552 1432 632 Quare

211 677 361 762 singula,
389 676 508 763 quibus
537 676 600 742 hoc
628 676 785 742 iudicium
815 673 1009 742 confirmare
1037 676 1193 744 studeant
1219 672 1431 757 argumentis,

211 793 310 881 paulo
333 795 463 872 uberius
487 792 691 879 explicentur
713 799 850 880 oportet.
894 792 980 862 Sunt
1000 794 1116 877 igitur,
1138 793 1194 881 qui
1214 790 1345 874 dicant,
1367 808 1433 857 noo

210 897 307 980 modo
322 913 486 981 Tiberium
509 933 620 982 rerum
644 911 742 979 etiam
767 909 852 978 alios
873 912 962 979 viros
983 912 1121 978 summis
1143 908 1302 979 aVelleio
1324 907 1430 975 laudi-

210 1030 270 1100 bus
302 1051 375 1102 esse
406 1030 519 1101 elatos.
564 1030 628 1100 Sed
649 1028 728 1097 licet
749 1048 964 1116 quaeramus,
996 1029 1052 1115 qui
1080 1029 1205 1096 fuerint
1225 1026 1259 1094 hi
1279 1027 1353 1100 viri.
1396 1025 1431 1094 Si

208 1169 278 1218 rem
301 1149 491 1232 diligentius
514 1150 760 1230 exandnamus,
782 1145 882 1214 facile
905 1146 1044 1230 intelligi
1066 1153 1192 1234 potest,
1215 1144 1375 1214 Velleium
1396 1147 1431 1212 in

208 1287 336 1351 eorum,
367 1269 423 1354 qni
451 1267 630 1335 Tiberiana·
655 1270 764 1333 aetate
794 1264 1039 1352 praecellebant
1067 1267 1101 1332 in
1132 1285 1168 1332 re
1189 1263 1322 1351 publiea
1343 1253 1457 1331 domi

209 1385 470 1454 administranda
492 1395 549 1452 aut
571 1384 652 1452 ioris
674 1385 833 1466 gerenda,
855 1383 1076 1469 descriptione
1097 1389 1203 1451 totum
1224 1383 1367 1469 pendere
1387 1401 1431 1450 ex

208 1503 303 1572 aulae
336 1523 423 1572 aura.
470 1504 552 1571 Nam
584 1508 622 1570 ut
642 1502 826 1590 aequalium
861 1509 988 1568 tantum
1010 1499 1133 1570 'liberii
1155 1503 1355 1569 mentionem
1377 1500 1429 1567 fa-

207 1621 313 1702 ciam,
335 1621 486 1690 laudatos
508 1640 573 1688 non
595 1621 727 1688 invenio
749 1620 814 1686 nisi
836 1639 911 1688 cum
933 1638 970 1688 eo
991 1620 1232 1688 necessitudine
1254 1625 1312 1687 aut
1331 1618 1429 1685 fami·

205 1738 353 1808 liaritatc
385 1741 593 1820 coniunctos,
625 1759 705 1826 prae
735 1740 854 1806 ceteris
887 1737 1040 1806 Seianum
1063 1736 1120 1814 (01.
1143 1737 1181 1806 11.
1208 1739 1270 1805 121
1293 1742 1327 1804 et
1350 1735 1427 1820 128)

207 1864 241 1925 et
270 1857 443 1926 claudium
475 1856 618 1926 Drusum
651 1857 707 1942 (of.
730 1855 769 1923 ll.
792 1857 851 1935 95,
876 1859 904 1922 1.
928 1855 968 1924 11.
991 1857 1051 1936 97,
1072 1858 1094 1924 2
1116 1862 1149 1924 et
1169 1856 1204 1941 3)
1238 1863 1270 1922 et
1300 1854 1427 1922 Liviam

206 1973 264 2061 (ei.
286 1974 328 2044 ΙΙ.
350 1977 403 2059 to,
424 1977 455 2044 3.
479 1982 513 2045 et
533 1975 573 2044 11.
599 1976 671 2056 130,
692 1975 741 2054 b).
785 1974 898 2042 Aede
921 1973 1057 2057 Seiano,
1089 1994 1183 2060 quem
1216 1973 1427 2060 amplissimis

205 2092 383 2163 honoribus
414 2099 563 2162 ornatum
594 2095 666 2180 ipse
698 2093 849 2179 princeps
872 2093 994 2159 eximia
1016 2094 1155 2181 quadam
1179 2093 1317 2159 caritate
1339 2111 1445 2158 com--

204 2209 328 2297 plexus
349 2217 410 2294 est,
432 2213 541 2280 nescio
564 2213 642 2298 quid
656 2210 745 2278 aliud
767 2197 911 2278 seribere
930 2211 1081 2296 potuerit.
1125 2211 1207 2277 Eum
1232 2211 1317 2277 enim
1340 2211 1425 2276 vitu-

204 2348 320 2417 perare
341 2350 406 2396 non
426 2329 531 2396 solum
547 2337 619 2398 erat
638 2327 861 2415 periculosum
883 2330 941 2397 sed
963 2330 1061 2396 etiem
1084 2348 1105 2396 1
1125 2328 1253 2397 'liberio
1275 2328 1310 2395 in
1332 2347 1423 2394 suem

204 2448 433 2517 contumeliam
467 2447 564 2516 leeile
595 2447 704 2532 accipi
721 2454 876 2532 poterat.
920 2446 1033 2515 Simile
1054 2446 1178 2534 aliquid
1207 2448 1241 2513 in
1263 2426 1369 2512 Druso
1392 2453 1425 2512 et

202 2565 298 2637 Livia
318 2568 613 2635 commemorandis
642 2564 769 2632 Velleio
793 2573 864 2632 erat
884 2563 1076 2633 timendum.
1121 2565 1197 2633 Sive
1218 2564 1367 2633 ‘liberius
1389 2585 1424 2630 re

202 2704 283 2754 vera
312 2685 450 2753 tratrem
481 2704 575 2752 suum
610 2684 749 2767 amavit,
783 2685 869 2770 quod
899 2682 1010 2751 multis
1039 2684 1237 2751 testimoniis
1260 2682 1318 2765 (ci.
1342 2680 1423 2749 Plio.

202 2807 270 2872 nat.
299 2801 378 2871 hist.
406 2802 476 2872 Vll.
506 2804 559 2870 20.
590 2803 679 2870 Suet.
710 2801 779 2868 Tib.
804 2801 864 2870 Vll
893 2809 927 2870 et
946 2800 1021 2868 XX.
1045 2801 1116 2868 Dio.
1138 2801 1204 2869 LV.
1225 2802 1258 2868 2.
1279 2799 1359 2868 Ζο1.
1380 2800 1423 2874 Χ,

201 2921 253 2988 35.
272 2941 303 3008 p.
326 2923 406 3006 419)
441 2921 619 2989 verisimile
641 2925 709 3005 est,
740 2921 809 2987 sive
840 2920 924 2988 clam
953 2921 984 2988 ei
1016 2918 1135 2987 invidit
1155 2925 1190 2988 et
1212 2918 1422 2999 obtrectavit,

201 3046 289 3107 certe
311 3058 347 3107 se
368 3041 504 3108 tratrem
533 3039 654 3107 bonum
676 3039 785 3125 putari
814 3038 928 3106 voluit.
972 3037 1073 3106 Matri
1096 3057 1224 3125 quoque
1246 3039 1423 3122 imperato·

200 3174 271 3223 rem
292 3156 431 3226 multum
461 3158 640 3226 indulsisse
670 3157 852 3238 stemma,
874 3175 958 3242 quae
980 3162 1059 3224 sunt
1086 3155 1163 3224 boni
1185 3155 1258 3230 filii,
1280 3154 1421 3241 praesti·

201 3273 300 3355 tisse,
333 3295 530 3362 quamquam
563 3295 678 3361 saepe,
710 3295 752 3344 ne
783 3275 951 3342 immodici
980 3276 1011 3343 ei
1032 3273 1252 3342 tribuerentur
1272 3272 1422 3350 bonores,

201 3391 348 3474 obstitit,
381 3412 481 3480 quum
514 3393 573 3462 alii
603 3399 704 3462 testes
725 3401 803 3460 sunt
823 3391 1076 3480 locupletissimi
1101 3397 1170 3459 tum
1191 3391 1342 3470 Tacitus,
1365 3391 1420 3477 qui

199 3513 333 3597 saepius
365 3513 435 3578 eius
464 3531 543 3596 erga
575 3518 712 3580 matrem
743 3511 916 3598 praedicat
945 3512 1100 3598 pietatem
1130 3509 1185 3592 (cl.
1214 3509 1291 3578 Tac.
1321 3527 1373 3576 sn.
1397 3507 1420 3574 l.

197 3628 350 3696 2-3.11
381 3631 433 3696 34.
456 3628 512 3696 lll.
538 3631 691 3710 lsi-18).
734 3629 958 3716 erapropter,
990 3645 1091 3715 quum
1118 3625 1261 3695 Velleius
1292 3627 1420 3710 gratiae

199 3748 381 3833 captandae
403 3750 512 3815 studio
535 3747 581 3815 nil
603 3748 668 3814 nisi
689 3747 772 3815 bene
793 3747 833 3814 de
855 3746 940 3825 illis,
972 3765 1054 3833 quos
1077 3746 1347 3822 commemoravi,
1370 3744 1419 3811 al-

197 3865 285 3932 10110
307 3872 435 3951 posset,
468 3865 548 3932 mihi
570 3866 768 3953 persuadere
790 3886 856 3933 uon
880 3885 1030 3953 possum,
1053 3865 1246 3951 scriptorem
1272 3863 1356 3931 hane
1377 3863 1418 3931 ob

197 4004 264 4050 rem
305 3982 347 4051 ab
383 3982 584 4051 adulationis
617 3983 753 4052 erimine
787 3989 872 4084 esse'
889 3982 1104 4050 liberandum.
1159 3983 1299 4051 Accedit
1331 3982 1418 4068 quod

197 4121 309 4168 eorum
342 4100 440 4170 leude
470 4102 680 4189 imperatoris
710 4121 839 4191 quoque
869 4102 1027 4170 memoria
1056 4119 1241 4192 nomenque
1273 4100 1418 4170 celebra·
1532 4141 1543 4152 ·

197 4219 325 4288 bantur.

280 4311 352 4406 Sed
374 4338 516 4407 tortasse
545 4337 688 4408 Velleius
719 4337 856 4408 allectus
886 4345 956 4406 erat
986 4358 1063 4408 vera
1086 4358 1124 4406 oe
1146 4339 1274 4406 sincera
1296 4338 1418 4406 Tiberii
