<?xml version="1.0" encoding="UTF-8"?>
<!DOCTYPE html PUBLIC "-//W3C//DTD XHTML 1.0 Transitional//EN"
    "http://www.w3.org/TR/xhtml1/DTD/xhtml1-transitional.dtd">
<html xmlns="http://www.w3.org/1999/xhtml" xml:lang="en" lang="en">
 <head>
  <title>
</title>
<meta http-equiv="Content-Type" content="text/html;charset=utf-8" />
  <meta name='ocr-system' content='tesseract 3.04.00' />
  <meta name='ocr-capabilities' content='ocr_page ocr_carea ocr_par ocr_line ocrx_word'/>
</head>
<body>
  <div class='ocr_page' id='page_1' title='image "./develleianatibe00goekgoog_0018.png"; bbox 0 0 3150 4764; ppageno 0'>
   <div class='ocr_carea' id='block_1_1' title="bbox 660 240 958 305">
    <p class='ocr_par' dir='ltr' id='par_1_1' title="bbox 660 240 958 305">
     <span class='ocr_line' id='line_1_1' title="bbox 660 240 958 305; baseline 0 -13"><span class='ocrx_word' id='word_1_1' title='bbox 660 240 958 305; x_wconf 76' lang='grc'><strong>...13-</strong></span> 
     </span>
    </p>
   </div>
   <div class='ocr_carea' id='block_1_2' title="bbox 194 413 1508 2982">
    <p class='ocr_par' dir='ltr' id='par_1_2' title="bbox 194 413 1508 2982">
     <span class='ocr_line' id='line_1_2' title="bbox 196 413 1420 502; baseline 0 -22"><span class='ocrx_word' id='word_1_2' title='bbox 196 417 282 480; x_wconf 85' lang='grc'><strong>00001</strong></span> <span class='ocrx_word' id='word_1_3' title='bbox 309 413 464 493; x_wconf 87' lang='lat' dir='ltr'>redacta,</span> <span class='ocrx_word' id='word_1_4' title='bbox 496 433 536 478; x_wconf 84' lang='lat' dir='ltr'>ex</span> <span class='ocrx_word' id='word_1_5' title='bbox 565 413 623 489; x_wconf 88' lang='lat' dir='ltr'>iis,</span> <span class='ocrx_word' id='word_1_6' title='bbox 657 431 739 499; x_wconf 88' lang='lat' dir='ltr'>quae</span> <span class='ocrx_word' id='word_1_7' title='bbox 768 420 884 498; x_wconf 90' lang='lat' dir='ltr'>postea</span> <span class='ocrx_word' id='word_1_8' title='bbox 912 414 1120 497; x_wconf 90' lang='lat' dir='ltr'>acciderunt,</span> <span class='ocrx_word' id='word_1_9' title='bbox 1152 415 1234 481; x_wconf 88' lang='lat' dir='ltr'>satis</span> <span class='ocrx_word' id='word_1_10' title='bbox 1257 435 1420 502; x_wconf 81' lang='lat' dir='ltr'>superque</span> 
     </span>
     <span class='ocr_line' id='line_1_3' title="bbox 195 531 1420 629; baseline 0.002 -31"><span class='ocrx_word' id='word_1_11' title='bbox 195 532 407 619; x_wconf 76' lang='lat' dir='ltr'>conspicitur.</span> <span class='ocrx_word' id='word_1_12' title='bbox 458 531 496 597; x_wconf 91' lang='lat' dir='ltr'>ln</span> <span class='ocrx_word' id='word_1_13' title='bbox 527 533 577 598; x_wconf 89' lang='lat' dir='ltr'>bis</span> <span class='ocrx_word' id='word_1_14' title='bbox 610 532 711 614; x_wconf 85' lang='lat' dir='ltr'>igitur</span> <span class='ocrx_word' id='word_1_15' title='bbox 743 531 837 596; x_wconf 81' lang='lat' dir='ltr'>rebus</span> <span class='ocrx_word' id='word_1_16' title='bbox 869 531 1063 629; x_wconf 85' lang='lat' dir='ltr'>enarrandis</span> <span class='ocrx_word' id='word_1_17' title='bbox 1096 534 1199 598; x_wconf 86' lang='lat' dir='ltr'>nimia</span> <span class='ocrx_word' id='word_1_18' title='bbox 1229 532 1420 600; x_wconf 80' lang='lat' dir='ltr'>adulatione</span> 
     </span>
     <span class='ocr_line' id='line_1_4' title="bbox 194 627 1419 718; baseline 0.001 -3"><span class='ocrx_word' id='word_1_19' title='bbox 194 649 338 716; x_wconf 84' lang='lat' dir='ltr'>Velleius</span> <span class='ocrx_word' id='word_1_20' title='bbox 361 656 414 718; x_wconf 88' lang='lat' dir='ltr'>est</span> <span class='ocrx_word' id='word_1_21' title='bbox 435 656 594 716; x_wconf 86' lang='lat' dir='ltr'>versatus.</span> <span class='ocrx_word' id='word_1_22' title='bbox 638 651 737 717; x_wconf 87' lang='lat' dir='ltr'>Cuius</span> <span class='ocrx_word' id='word_1_23' title='bbox 769 640 916 715; x_wconf 83' lang='lat' dir='ltr'>criminis</span> <span class='ocrx_word' id='word_1_24' title='bbox 940 627 1037 714; x_wconf 71' lang='lat' dir='ltr'>etiam</span> <span class='ocrx_word' id='word_1_25' title='bbox 1060 648 1122 718; x_wconf 85' lang='lat' dir='ltr'>hae</span> <span class='ocrx_word' id='word_1_26' title='bbox 1145 653 1185 718; x_wconf 92' lang='lat' dir='ltr'>de</span> <span class='ocrx_word' id='word_1_27' title='bbox 1208 671 1309 718; x_wconf 90' lang='lat' dir='ltr'>causa</span> <span class='ocrx_word' id='word_1_28' title='bbox 1331 651 1419 718; x_wconf 91' lang='lat' dir='ltr'>Hoe-</span> 
     </span>
     <span class='ocr_line' id='line_1_5' title="bbox 195 766 1418 854; baseline 0.002 -22"><span class='ocrx_word' id='word_1_29' title='bbox 195 769 290 834; x_wconf 89' lang='lat' dir='ltr'>ckius</span> <span class='ocrx_word' id='word_1_30' title='bbox 313 789 385 836; x_wconf 92' lang='lat' dir='ltr'>eum</span> <span class='ocrx_word' id='word_1_31' title='bbox 409 777 544 836; x_wconf 88' lang='lat' dir='ltr'>accusat</span> <span class='ocrx_word' id='word_1_32' title='bbox 566 769 621 853; x_wconf 84' lang='grc'><strong>(01.</strong></span> <span class='ocrx_word' id='word_1_33' title='bbox 646 768 685 848; x_wconf 82' lang='grc' dir='ltr'>ΙΙ,</span> <span class='ocrx_word' id='word_1_34' title='bbox 708 766 777 848; x_wconf 86' lang='grc'><strong>32),</strong></span> <span class='ocrx_word' id='word_1_35' title='bbox 800 766 886 851; x_wconf 89' lang='lat' dir='ltr'>quod</span> <span class='ocrx_word' id='word_1_36' title='bbox 903 767 1115 852; x_wconf 87' lang='lat' dir='ltr'>triumphum,</span> <span class='ocrx_word' id='word_1_37' title='bbox 1138 787 1201 854; x_wconf 91' lang='lat' dir='ltr'>quo</span> <span class='ocrx_word' id='word_1_38' title='bbox 1219 768 1303 836; x_wconf 88' lang='lat' dir='ltr'>bello</span> <span class='ocrx_word' id='word_1_39' title='bbox 1326 771 1418 837; x_wconf 91' lang='lat' dir='ltr'>linito</span> 
     </span>
     <span class='ocr_line' id='line_1_6' title="bbox 195 885 1420 970; baseline 0.002 -19"><span class='ocrx_word' id='word_1_40' title='bbox 195 885 343 953; x_wconf 83' lang='lat' dir='ltr'>Tiberius</span> <span class='ocrx_word' id='word_1_41' title='bbox 375 888 415 953; x_wconf 90' lang='lat' dir='ltr'>ab</span> <span class='ocrx_word' id='word_1_42' title='bbox 440 890 589 969; x_wconf 79' lang='lat' dir='ltr'>Augusto</span> <span class='ocrx_word' id='word_1_43' title='bbox 612 886 790 953; x_wconf 88' lang='lat' dir='ltr'>honoratus</span> <span class='ocrx_word' id='word_1_44' title='bbox 815 896 883 970; x_wconf 89' lang='lat' dir='ltr'>est,</span> <span class='ocrx_word' id='word_1_45' title='bbox 915 889 1056 955; x_wconf 87' lang='lat' dir='ltr'>alterum</span> <span class='ocrx_word' id='word_1_46' title='bbox 1087 886 1190 952; x_wconf 85' lang='lat' dir='ltr'>fuisse</span> <span class='ocrx_word' id='word_1_47' title='bbox 1220 888 1310 954; x_wconf 89' lang='lat' dir='ltr'>dicit.</span> <span class='ocrx_word' id='word_1_48' title='bbox 1355 886 1420 954; x_wconf 87' lang='lat' dir='ltr'>Sed</span> 
     </span>
     <span class='ocr_line' id='line_1_7' title="bbox 194 991 1508 1092; baseline 0.002 -22"><span class='ocrx_word' id='word_1_49' title='bbox 194 1005 316 1070; x_wconf 90' lang='lat' dir='ltr'>iniuria</span> <span class='ocrx_word' id='word_1_50' title='bbox 338 1007 462 1092; x_wconf 88' lang='lat' dir='ltr'>opinor.</span> <span class='ocrx_word' id='word_1_51' title='bbox 507 1005 590 1071; x_wconf 89' lang='lat' dir='ltr'>Nam</span> <span class='ocrx_word' id='word_1_52' title='bbox 614 1006 732 1086; x_wconf 89' lang='lat' dir='ltr'>ovatio,</span> <span class='ocrx_word' id='word_1_53' title='bbox 755 1005 784 1071; x_wconf 88' lang='lat' dir='ltr'>si</span> <span class='ocrx_word' id='word_1_54' title='bbox 807 1026 871 1072; x_wconf 91' lang='lat' dir='ltr'>non</span> <span class='ocrx_word' id='word_1_55' title='bbox 892 1008 998 1074; x_wconf 89' lang='lat' dir='ltr'>iustus</span> <span class='ocrx_word' id='word_1_56' title='bbox 1014 1009 1088 1072; x_wconf 88' lang='lat' dir='ltr'>erat</span> <span class='ocrx_word' id='word_1_57' title='bbox 1110 1003 1305 1091; x_wconf 89' lang='lat' dir='ltr'>triumphus,</span> <span class='ocrx_word' id='word_1_58' title='bbox 1328 1013 1419 1072; x_wconf 89' lang='lat' dir='ltr'>certe</span> <span class='ocrx_word' id='word_1_59' title='bbox 1502 991 1508 1003; x_wconf 76' lang='grc'><strong>’</strong></span> 
     </span>
     <span class='ocr_line' id='line_1_8' title="bbox 195 1102 1417 1210; baseline 0.001 -22"><span class='ocrx_word' id='word_1_60' title='bbox 195 1102 538 1210; x_wconf 59' lang='lat' dir='ltr'>triumphandus.</span> <span class='ocrx_word' id='word_1_61' title='bbox 557 1123 707 1191; x_wconf 82' lang='lat' dir='ltr'>Perniees</span> <span class='ocrx_word' id='word_1_62' title='bbox 729 1125 789 1200; x_wconf 64' lang='lat' dir='ltr'>aa</span> <span class='ocrx_word' id='word_1_63' title='bbox 812 1123 947 1192; x_wconf 75' lang='lat' dir='ltr'>uersus</span> <span class='ocrx_word' id='word_1_64' title='bbox 971 1125 1013 1192; x_wconf 78' lang='lat' dir='ltr'>an</span> <span class='ocrx_word' id='word_1_65' title='bbox 1032 1125 1123 1192; x_wconf 78' lang='lat' dir='ltr'>aue.</span> <span class='ocrx_word' id='word_1_66' title='bbox 1147 1122 1217 1191; x_wconf 75' lang='lat' dir='ltr'>orn.</span> <span class='ocrx_word' id='word_1_67' title='bbox 1241 1125 1261 1190; x_wconf 83' lang='lat' dir='ltr'>a</span> <span class='ocrx_word' id='word_1_68' title='bbox 1283 1145 1315 1210; x_wconf 79' lang='lat' dir='ltr'>p.</span> <span class='ocrx_word' id='word_1_69' title='bbox 1329 1125 1417 1210; x_wconf 82' lang='lat'>250).</span> 
     </span>
     <span class='ocr_line' id='line_1_9' title="bbox 194 1240 1418 1328; baseline 0.001 -20"><span class='ocrx_word' id='word_1_70' title='bbox 194 1240 374 1328; x_wconf 83' lang='lat' dir='ltr'>Praecipue</span> <span class='ocrx_word' id='word_1_71' title='bbox 405 1261 483 1308; x_wconf 87' lang='lat' dir='ltr'>vero</span> <span class='ocrx_word' id='word_1_72' title='bbox 506 1243 642 1308; x_wconf 90' lang='lat' dir='ltr'>summis</span> <span class='ocrx_word' id='word_1_73' title='bbox 667 1241 875 1309; x_wconf 89' lang='lat' dir='ltr'>celebrentur</span> <span class='ocrx_word' id='word_1_74' title='bbox 903 1242 1070 1322; x_wconf 92' lang='lat' dir='ltr'>laudibus,</span> <span class='ocrx_word' id='word_1_75' title='bbox 1093 1261 1177 1328; x_wconf 90' lang='lat' dir='ltr'>quae</span> <span class='ocrx_word' id='word_1_76' title='bbox 1198 1242 1302 1326; x_wconf 85' lang='lat' dir='ltr'>gessit</span> <span class='ocrx_word' id='word_1_77' title='bbox 1321 1241 1418 1310; x_wconf 91' lang='lat' dir='ltr'>Tibe·-</span> 
     </span>
     <span class='ocr_line' id='line_1_10' title="bbox 194 1358 1417 1462; baseline 0.002 -38"><span class='ocrx_word' id='word_1_78' title='bbox 194 1359 265 1425; x_wconf 86' lang='lat' dir='ltr'>rius</span> <span class='ocrx_word' id='word_1_79' title='bbox 294 1358 400 1462; x_wconf 81' lang='lat' dir='ltr'>altpra</span> <span class='ocrx_word' id='word_1_80' title='bbox 429 1365 544 1427; x_wconf 90' lang='lat' dir='ltr'>contra</span> <span class='ocrx_word' id='word_1_81' title='bbox 572 1359 752 1428; x_wconf 88' lang='lat' dir='ltr'>Germanos</span> <span class='ocrx_word' id='word_1_82' title='bbox 782 1361 999 1447; x_wconf 83' lang='lat' dir='ltr'>expeditione.</span> <span class='ocrx_word' id='word_1_83' title='bbox 1029 1360 1115 1439; x_wconf 76' lang='lat' dir='ltr'>Qua</span> <span class='ocrx_word' id='word_1_84' title='bbox 1145 1362 1181 1426; x_wconf 91' lang='lat' dir='ltr'>in</span> <span class='ocrx_word' id='word_1_85' title='bbox 1212 1361 1417 1446; x_wconf 82' lang='lat' dir='ltr'>exponenda,</span> 
     </span>
     <span class='ocr_line' id='line_1_11' title="bbox 195 1457 1417 1562; baseline 0.002 -20"><span class='ocrx_word' id='word_1_86' title='bbox 195 1495 294 1562; x_wconf 89' lang='lat' dir='ltr'>quum</span> <span class='ocrx_word' id='word_1_87' title='bbox 318 1498 430 1545; x_wconf 89' lang='lat' dir='ltr'>omnes</span> <span class='ocrx_word' id='word_1_88' title='bbox 461 1457 576 1544; x_wconf 80' lang='lat' dir='ltr'>afferre</span> <span class='ocrx_word' id='word_1_89' title='bbox 597 1477 728 1561; x_wconf 83' lang='lat' dir='ltr'>longum</span> <span class='ocrx_word' id='word_1_90' title='bbox 761 1481 823 1561; x_wconf 89' lang='lat' dir='ltr'>sit,</span> <span class='ocrx_word' id='word_1_91' title='bbox 853 1499 999 1546; x_wconf 90' lang='lat' dir='ltr'>summas</span> <span class='ocrx_word' id='word_1_92' title='bbox 1025 1479 1255 1554; x_wconf 86' lang='lat' dir='ltr'>tantummodo</span> <span class='ocrx_word' id='word_1_93' title='bbox 1279 1465 1332 1546; x_wconf 86' lang='lat' dir='ltr'>res</span> <span class='ocrx_word' id='word_1_94' title='bbox 1356 1477 1417 1544; x_wconf 87' lang='lat' dir='ltr'>boc</span> 
     </span>
     <span class='ocr_line' id='line_1_12' title="bbox 194 1594 1419 1684; baseline 0.001 -24"><span class='ocrx_word' id='word_1_95' title='bbox 194 1594 267 1662; x_wconf 90' lang='lat' dir='ltr'>loeo</span> <span class='ocrx_word' id='word_1_96' title='bbox 291 1597 462 1678; x_wconf 85' lang='lat' dir='ltr'>attingam.</span> <span class='ocrx_word' id='word_1_97' title='bbox 506 1595 652 1662; x_wconf 86' lang='lat' dir='ltr'>Velleius</span> <span class='ocrx_word' id='word_1_98' title='bbox 675 1600 782 1681; x_wconf 83' lang='lat' dir='ltr'>igitur,</span> <span class='ocrx_word' id='word_1_99' title='bbox 806 1602 982 1684; x_wconf 91' lang='lat' dir='ltr'>postquam</span> <span class='ocrx_word' id='word_1_100' title='bbox 1005 1618 1041 1664; x_wconf 93' lang='lat' dir='ltr'>eo</span> <span class='ocrx_word' id='word_1_101' title='bbox 1057 1603 1204 1684; x_wconf 90' lang='lat' dir='ltr'>tempore</span> <span class='ocrx_word' id='word_1_102' title='bbox 1226 1597 1291 1664; x_wconf 86' lang='lat' dir='ltr'>sibi</span> <span class='ocrx_word' id='word_1_103' title='bbox 1313 1596 1419 1663; x_wconf 89' lang='lat' dir='ltr'>eonti-</span> 
     </span>
     <span class='ocr_line' id='line_1_13' title="bbox 195 1714 1418 1801; baseline 0.001 -22"><span class='ocrx_word' id='word_1_104' title='bbox 195 1715 282 1796; x_wconf 84' lang='lat' dir='ltr'>gisse</span> <span class='ocrx_word' id='word_1_105' title='bbox 305 1715 518 1793; x_wconf 80' lang='lat' dir='ltr'>tradidit,.ut</span> <span class='ocrx_word' id='word_1_106' title='bbox 545 1735 607 1801; x_wconf 87' lang='lat' dir='ltr'>per</span> <span class='ocrx_word' id='word_1_107' title='bbox 636 1735 740 1782; x_wconf 90' lang='lat' dir='ltr'>annos</span> <span class='ocrx_word' id='word_1_108' title='bbox 771 1718 943 1782; x_wconf 89' lang='lat' dir='ltr'>continuos</span> <span class='ocrx_word' id='word_1_109' title='bbox 967 1736 1084 1781; x_wconf 87' lang='lat' dir='ltr'>novem</span> <span class='ocrx_word' id='word_1_110' title='bbox 1108 1714 1418 1783; x_wconf 87' lang='lat' dir='ltr'>coelestissimorum</span> 
     </span>
     <span class='ocr_line' id='line_1_14' title="bbox 194 1831 1419 1921; baseline -0.001 -23"><span class='ocrx_word' id='word_1_111' title='bbox 194 1831 315 1898; x_wconf 90' lang='lat' dir='ltr'>Tiberii</span> <span class='ocrx_word' id='word_1_112' title='bbox 338 1853 471 1919; x_wconf 89' lang='lat' dir='ltr'>operum</span> <span class='ocrx_word' id='word_1_113' title='bbox 486 1841 649 1918; x_wconf 85' lang='lat' dir='ltr'>spectator</span> <span class='ocrx_word' id='word_1_114' title='bbox 671 1841 702 1900; x_wconf 91' lang='lat' dir='ltr'>et</span> <span class='ocrx_word' id='word_1_115' title='bbox 724 1853 783 1920; x_wconf 92' lang='lat' dir='ltr'>pro</span> <span class='ocrx_word' id='word_1_116' title='bbox 808 1841 907 1921; x_wconf 91' lang='lat' dir='ltr'>captu</span> <span class='ocrx_word' id='word_1_117' title='bbox 929 1832 1169 1900; x_wconf 82' lang='lat' dir='ltr'>mediocritatis</span> <span class='ocrx_word' id='word_1_118' title='bbox 1187 1833 1318 1898; x_wconf 89' lang='lat' dir='ltr'>adiutor</span> <span class='ocrx_word' id='word_1_119' title='bbox 1336 1832 1419 1897; x_wconf 83' lang='lat' dir='ltr'>iuis·</span> 
     </span>
     <span class='ocr_line' id='line_1_15' title="bbox 196 1950 1418 2038; baseline 0.002 -23"><span class='ocrx_word' id='word_1_120' title='bbox 196 1955 264 2032; x_wconf 89' lang='lat' dir='ltr'>set,</span> <span class='ocrx_word' id='word_1_121' title='bbox 295 1952 435 2035; x_wconf 88' lang='lat' dir='ltr'>primum</span> <span class='ocrx_word' id='word_1_122' title='bbox 467 1951 547 2017; x_wconf 85' lang='lat' dir='ltr'>fecit</span> <span class='ocrx_word' id='word_1_123' title='bbox 575 1953 771 2017; x_wconf 88' lang='lat' dir='ltr'>mentionem</span> <span class='ocrx_word' id='word_1_124' title='bbox 801 1951 1014 2038; x_wconf 88' lang='lat' dir='ltr'>amplissimis</span> <span class='ocrx_word' id='word_1_125' title='bbox 1036 1951 1145 2017; x_wconf 89' lang='lat' dir='ltr'>verbis</span> <span class='ocrx_word' id='word_1_126' title='bbox 1169 1951 1209 2018; x_wconf 90' lang='lat' dir='ltr'>de</span> <span class='ocrx_word' id='word_1_127' title='bbox 1232 1950 1418 2030; x_wconf 83' lang='lat' dir='ltr'>alacritate,</span> 
     </span>
     <span class='ocr_line' id='line_1_16' title="bbox 196 2067 1419 2156; baseline 0.001 -23"><span class='ocrx_word' id='word_1_128' title='bbox 196 2087 260 2152; x_wconf 92' lang='lat' dir='ltr'>qua</span> <span class='ocrx_word' id='word_1_129' title='bbox 281 2070 396 2136; x_wconf 88' lang='lat' dir='ltr'>ducem</span> <span class='ocrx_word' id='word_1_130' title='bbox 426 2074 589 2135; x_wconf 88' lang='lat' dir='ltr'>recentem</span> <span class='ocrx_word' id='word_1_131' title='bbox 613 2090 654 2135; x_wconf 88' lang='lat' dir='ltr'>ex</span> <span class='ocrx_word' id='word_1_132' title='bbox 675 2071 850 2156; x_wconf 86' lang='lat' dir='ltr'>adoptione</span> <span class='ocrx_word' id='word_1_133' title='bbox 868 2072 1001 2136; x_wconf 88' lang='lat' dir='ltr'>missum</span> <span class='ocrx_word' id='word_1_134' title='bbox 1032 2069 1075 2135; x_wconf 90' lang='lat' dir='ltr'>ad</span> <span class='ocrx_word' id='word_1_135' title='bbox 1107 2088 1264 2136; x_wconf 88' lang='lat' dir='ltr'>summam</span> <span class='ocrx_word' id='word_1_136' title='bbox 1288 2067 1419 2154; x_wconf 89' lang='lat' dir='ltr'>imperii</span> 
     </span>
     <span class='ocr_line' id='line_1_17' title="bbox 196 2185 1418 2272; baseline 0.002 -21"><span class='ocrx_word' id='word_1_137' title='bbox 196 2186 410 2252; x_wconf 87' lang='lat' dir='ltr'>obtinendam</span> <span class='ocrx_word' id='word_1_138' title='bbox 440 2186 562 2254; x_wconf 90' lang='lat' dir='ltr'>milites</span> <span class='ocrx_word' id='word_1_139' title='bbox 584 2188 768 2272; x_wconf 87' lang='lat' dir='ltr'>receperint</span> <span class='ocrx_word' id='word_1_140' title='bbox 789 2188 846 2268; x_wconf 87' lang='lat' dir='ltr'>(ei.</span> <span class='ocrx_word' id='word_1_141' title='bbox 871 2187 909 2255; x_wconf 90' lang='grc' dir='ltr'>ΙΙ.</span> <span class='ocrx_word' id='word_1_142' title='bbox 934 2189 1014 2268; x_wconf 87' lang='grc'><strong>104,</strong></span> <span class='ocrx_word' id='word_1_143' title='bbox 1035 2190 1065 2254; x_wconf 84' lang='grc'>3.</span> <span class='ocrx_word' id='word_1_144' title='bbox 1088 2187 1118 2252; x_wconf 85' lang='grc'>4.</span> <span class='ocrx_word' id='word_1_145' title='bbox 1142 2189 1190 2263; x_wconf 83' lang='grc'>5).</span> <span class='ocrx_word' id='word_1_146' title='bbox 1235 2185 1336 2253; x_wconf 84' lang='grc' dir='ltr'><strong>Ρο010</strong></span> <span class='ocrx_word' id='word_1_147' title='bbox 1359 2188 1418 2253; x_wconf 90' lang='lat' dir='ltr'>de·</span> 
     </span>
     <span class='ocr_line' id='line_1_18' title="bbox 196 2304 1416 2391; baseline 0.002 -23"><span class='ocrx_word' id='word_1_148' title='bbox 196 2304 273 2371; x_wconf 93' lang='lat' dir='ltr'>inde</span> <span class='ocrx_word' id='word_1_149' title='bbox 296 2306 462 2391; x_wconf 87' lang='lat' dir='ltr'>copiosius</span> <span class='ocrx_word' id='word_1_150' title='bbox 483 2311 634 2372; x_wconf 86' lang='lat' dir='ltr'>versatur</span> <span class='ocrx_word' id='word_1_151' title='bbox 654 2307 690 2371; x_wconf 91' lang='lat' dir='ltr'>in</span> <span class='ocrx_word' id='word_1_152' title='bbox 704 2305 799 2372; x_wconf 89' lang='lat' dir='ltr'>rebus</span> <span class='ocrx_word' id='word_1_153' title='bbox 823 2306 905 2390; x_wconf 89' lang='lat' dir='ltr'>ipsis</span> <span class='ocrx_word' id='word_1_154' title='bbox 927 2305 1050 2372; x_wconf 91' lang='lat' dir='ltr'>Tiberii</span> <span class='ocrx_word' id='word_1_155' title='bbox 1064 2305 1297 2387; x_wconf 87' lang='lat' dir='ltr'>describendis,</span> <span class='ocrx_word' id='word_1_156' title='bbox 1320 2324 1416 2390; x_wconf 89' lang='lat' dir='ltr'>quem</span> 
     </span>
     <span class='ocr_line' id='line_1_19' title="bbox 196 2421 1418 2506; baseline 0.006 -19"><span class='ocrx_word' id='word_1_157' title='bbox 196 2421 270 2488; x_wconf 89' lang='lat' dir='ltr'>aliis</span> <span class='ocrx_word' id='word_1_158' title='bbox 294 2423 445 2506; x_wconf 83' lang='lat' dir='ltr'>gentibus</span> <span class='ocrx_word' id='word_1_159' title='bbox 467 2423 623 2491; x_wconf 88' lang='lat' dir='ltr'>Romanis</span> <span class='ocrx_word' id='word_1_160' title='bbox 645 2423 802 2491; x_wconf 89' lang='lat' dir='ltr'>subiectis</span> <span class='ocrx_word' id='word_1_161' title='bbox 831 2423 904 2490; x_wconf 90' lang='lat' dir='ltr'>aliis</span> <span class='ocrx_word' id='word_1_162' title='bbox 935 2424 1072 2490; x_wconf 86' lang='lat' dir='ltr'>devictis</span> <span class='ocrx_word' id='word_1_163' title='bbox 1102 2424 1150 2490; x_wconf 89' lang='lat' dir='ltr'>ita</span> <span class='ocrx_word' id='word_1_164' title='bbox 1172 2425 1323 2490; x_wconf 87' lang='lat' dir='ltr'>meritum</span> <span class='ocrx_word' id='word_1_165' title='bbox 1346 2445 1418 2495; x_wconf 89' lang='lat' dir='ltr'>esse</span> 
     </span>
     <span class='ocr_line' id='line_1_20' title="bbox 196 2533 1418 2641; baseline 0.002 -35"><span class='ocrx_word' id='word_1_166' title='bbox 196 2541 235 2606; x_wconf 89' lang='lat' dir='ltr'>de</span> <span class='ocrx_word' id='word_1_167' title='bbox 258 2533 447 2641; x_wconf 76' lang='lat' dir='ltr'>republica</span> <span class='ocrx_word' id='word_1_168' title='bbox 471 2541 561 2622; x_wconf 90' lang='lat' dir='ltr'>dicit,</span> <span class='ocrx_word' id='word_1_169' title='bbox 583 2547 621 2608; x_wconf 89' lang='lat' dir='ltr'>ut</span> <span class='ocrx_word' id='word_1_170' title='bbox 642 2541 735 2609; x_wconf 87' lang='lat' dir='ltr'>libris</span> <span class='ocrx_word' id='word_1_171' title='bbox 758 2543 814 2607; x_wconf 85' lang='lat' dir='ltr'>vix</span> <span class='ocrx_word' id='word_1_172' title='bbox 827 2543 1011 2608; x_wconf 88' lang='lat' dir='ltr'>enumerari</span> <span class='ocrx_word' id='word_1_173' title='bbox 1033 2541 1151 2626; x_wconf 86' lang='lat' dir='ltr'>possit,</span> <span class='ocrx_word' id='word_1_174' title='bbox 1174 2543 1295 2628; x_wconf 89' lang='lat' dir='ltr'>quippe</span> <span class='ocrx_word' id='word_1_175' title='bbox 1318 2562 1418 2630; x_wconf 88' lang='lat' dir='ltr'>quum</span> 
     </span>
     <span class='ocr_line' id='line_1_21' title="bbox 195 2657 1419 2747; baseline 0.004 -24"><span class='ocrx_word' id='word_1_176' title='bbox 195 2662 266 2724; x_wconf 90' lang='lat' dir='ltr'>tota</span> <span class='ocrx_word' id='word_1_177' title='bbox 297 2657 474 2727; x_wconf 89' lang='lat' dir='ltr'>Germania</span> <span class='ocrx_word' id='word_1_178' title='bbox 505 2662 604 2727; x_wconf 88' lang='lat' dir='ltr'>armis</span> <span class='ocrx_word' id='word_1_179' title='bbox 636 2659 837 2747; x_wconf 88' lang='lat' dir='ltr'>perlustrata</span> <span class='ocrx_word' id='word_1_180' title='bbox 865 2679 968 2746; x_wconf 90' lang='lat' dir='ltr'>usque</span> <span class='ocrx_word' id='word_1_181' title='bbox 1000 2660 1042 2725; x_wconf 96' lang='lat' dir='ltr'>ad</span> <span class='ocrx_word' id='word_1_182' title='bbox 1064 2658 1176 2725; x_wconf 88' lang='lat' dir='ltr'>Albim</span> <span class='ocrx_word' id='word_1_183' title='bbox 1202 2659 1320 2726; x_wconf 87' lang='lat' dir='ltr'>flumen</span> <span class='ocrx_word' id='word_1_184' title='bbox 1341 2680 1419 2746; x_wconf 83' lang='lat' dir='ltr'>pro-</span> 
     </span>
     <span class='ocr_line' id='line_1_22' title="bbox 196 2777 1416 2864; baseline 0.003 -24"><span class='ocrx_word' id='word_1_185' title='bbox 196 2796 329 2860; x_wconf 85' lang='lat' dir='ltr'>gressus</span> <span class='ocrx_word' id='word_1_186' title='bbox 352 2779 412 2860; x_wconf 90' lang='lat' dir='ltr'>sit,</span> <span class='ocrx_word' id='word_1_187' title='bbox 443 2798 505 2864; x_wconf 93' lang='lat' dir='ltr'>quo</span> <span class='ocrx_word' id='word_1_188' title='bbox 527 2798 694 2863; x_wconf 91' lang='lat' dir='ltr'>nunquam</span> <span class='ocrx_word' id='word_1_189' title='bbox 718 2784 816 2845; x_wconf 89' lang='lat' dir='ltr'>antea</span> <span class='ocrx_word' id='word_1_190' title='bbox 836 2777 1027 2864; x_wconf 86' lang='lat' dir='ltr'>perduxerit</span> <span class='ocrx_word' id='word_1_191' title='bbox 1050 2778 1229 2843; x_wconf 83' lang='lat' dir='ltr'>exercitum</span> <span class='ocrx_word' id='word_1_192' title='bbox 1253 2777 1416 2845; x_wconf 86' lang='lat' dir='ltr'>Romano-</span> 
     </span>
     <span class='ocr_line' id='line_1_23' title="bbox 196 2894 1420 2982; baseline 0.002 -22"><span class='ocrx_word' id='word_1_193' title='bbox 196 2916 268 2960; x_wconf 92' lang='lat' dir='ltr'>rum</span> <span class='ocrx_word' id='word_1_194' title='bbox 292 2895 470 2982; x_wconf 88' lang='lat' dir='ltr'>imperator</span> <span class='ocrx_word' id='word_1_195' title='bbox 502 2897 561 2980; x_wconf 87' lang='lat' dir='ltr'>(cl.</span> <span class='ocrx_word' id='word_1_196' title='bbox 583 2896 625 2963; x_wconf 88' lang='grc' dir='ltr'>ΙΙ.</span> <span class='ocrx_word' id='word_1_197' title='bbox 651 2895 712 2963; x_wconf 85' lang='grc'>105</span> <span class='ocrx_word' id='word_1_198' title='bbox 734 2898 877 2981; x_wconf 78' lang='grc'><strong>01106).</strong></span> <span class='ocrx_word' id='word_1_199' title='bbox 921 2897 972 2962; x_wconf 86' lang='grc' dir='ltr'>Αο</span> <span class='ocrx_word' id='word_1_200' title='bbox 1003 2894 1144 2981; x_wconf 90' lang='lat' dir='ltr'>denique</span> <span class='ocrx_word' id='word_1_201' title='bbox 1174 2896 1420 2962; x_wconf 84' lang='lat' dir='ltr'>narratiuncula</span> 
     </span>
    </p>
   </div>
   <div class='ocr_carea' id='block_1_3' title="bbox 197 3012 1517 3100">
    <p class='ocr_par' dir='ltr' id='par_1_3' title="bbox 197 3012 1517 3100">
     <span class='ocr_line' id='line_1_24' title="bbox 197 3012 1517 3100; baseline 0.003 -22"><span class='ocrx_word' id='word_1_202' title='bbox 197 3013 237 3078; x_wconf 91' lang='lat' dir='ltr'>de</span> <span class='ocrx_word' id='word_1_203' title='bbox 260 3033 338 3081; x_wconf 90' lang='lat' dir='ltr'>sene</span> <span class='ocrx_word' id='word_1_204' title='bbox 361 3016 501 3100; x_wconf 90' lang='lat' dir='ltr'>quodam</span> <span class='ocrx_word' id='word_1_205' title='bbox 517 3014 710 3081; x_wconf 89' lang='lat' dir='ltr'>Germanico</span> <span class='ocrx_word' id='word_1_206' title='bbox 724 3014 849 3081; x_wconf 88' lang='lat' dir='ltr'>inserta</span> <span class='ocrx_word' id='word_1_207' title='bbox 870 3016 1012 3081; x_wconf 91' lang='lat' dir='ltr'>omnium</span> <span class='ocrx_word' id='word_1_208' title='bbox 1029 3014 1175 3096; x_wconf 83' lang='lat' dir='ltr'>gentium</span> <span class='ocrx_word' id='word_1_209' title='bbox 1197 3012 1419 3100; x_wconf 88' lang='lat' dir='ltr'>locorumque,</span> <span class='ocrx_word' id='word_1_210' title='bbox 1513 3037 1517 3043; x_wconf 91' lang='lat'>·</span> 
     </span>
    </p>
   </div>
   <div class='ocr_carea' id='block_1_4' title="bbox 195 3122 1510 4395">
    <p class='ocr_par' dir='ltr' id='par_1_4' title="bbox 195 3122 1447 4277">
     <span class='ocr_line' id='line_1_25' title="bbox 197 3122 1418 3216; baseline 0.002 -20"><span class='ocrx_word' id='word_1_211' title='bbox 197 3151 280 3216; x_wconf 90' lang='lat' dir='ltr'>quae</span> <span class='ocrx_word' id='word_1_212' title='bbox 303 3130 457 3214; x_wconf 87' lang='lat' dir='ltr'>adiisset,</span> <span class='ocrx_word' id='word_1_213' title='bbox 488 3133 646 3200; x_wconf 87' lang='lat' dir='ltr'>victorem</span> <span class='ocrx_word' id='word_1_214' title='bbox 668 3132 834 3199; x_wconf 88' lang='lat' dir='ltr'>Tiberium</span> <span class='ocrx_word' id='word_1_215' title='bbox 862 3132 1008 3214; x_wconf 79' lang='lat' dir='ltr'>legiones</span> <span class='ocrx_word' id='word_1_216' title='bbox 1031 3131 1065 3198; x_wconf 92' lang='lat' dir='ltr'>in</span> <span class='ocrx_word' id='word_1_217' title='bbox 1087 3128 1223 3197; x_wconf 89' lang='lat' dir='ltr'>hiberna</span> <span class='ocrx_word' id='word_1_218' title='bbox 1243 3122 1418 3198; x_wconf 62' lang='lat' dir='ltr'>reduxisse</span> 
     </span>
     <span class='ocr_line' id='line_1_26' title="bbox 195 3249 1418 3336; baseline 0.002 -22"><span class='ocrx_word' id='word_1_219' title='bbox 195 3256 307 3314; x_wconf 88' lang='lat' dir='ltr'>narrat</span> <span class='ocrx_word' id='word_1_220' title='bbox 331 3270 433 3334; x_wconf 91' lang='lat' dir='ltr'>neque</span> <span class='ocrx_word' id='word_1_221' title='bbox 456 3250 750 3336; x_wconf 86' lang='lat' dir='ltr'>quidquamfuisse</span> <span class='ocrx_word' id='word_1_222' title='bbox 771 3252 806 3316; x_wconf 93' lang='lat' dir='ltr'>in</span> <span class='ocrx_word' id='word_1_223' title='bbox 829 3249 1016 3328; x_wconf 89' lang='lat' dir='ltr'>Germania,</span> <span class='ocrx_word' id='word_1_224' title='bbox 1040 3249 1126 3335; x_wconf 86' lang='lat' dir='ltr'>quod</span> <span class='ocrx_word' id='word_1_225' title='bbox 1150 3249 1310 3334; x_wconf 89' lang='lat' dir='ltr'>potuisset</span> <span class='ocrx_word' id='word_1_226' title='bbox 1332 3250 1418 3316; x_wconf 91' lang='lat' dir='ltr'>vinci</span> 
     </span>
     <span class='ocr_line' id='line_1_27' title="bbox 196 3363 1417 3453; baseline -0.001 -20"><span class='ocrx_word' id='word_1_227' title='bbox 196 3374 324 3453; x_wconf 88' lang='lat' dir='ltr'>praeter</span> <span class='ocrx_word' id='word_1_228' title='bbox 353 3368 605 3435; x_wconf 87' lang='lat' dir='ltr'>Marcomannos</span> <span class='ocrx_word' id='word_1_229' title='bbox 638 3370 694 3448; x_wconf 84' lang='lat' dir='ltr'>(ei.</span> <span class='ocrx_word' id='word_1_230' title='bbox 727 3367 765 3433; x_wconf 91' lang='lat' dir='ltr'>ll.</span> <span class='ocrx_word' id='word_1_231' title='bbox 797 3366 1016 3447; x_wconf 85' lang='grc'><strong>10701108,</strong></span> <span class='ocrx_word' id='word_1_232' title='bbox 1047 3365 1092 3452; x_wconf 91' lang='lat'>1).</span> <span class='ocrx_word' id='word_1_233' title='bbox 1138 3364 1240 3443; x_wconf 86' lang='lat' dir='ltr'>Quam</span> <span class='ocrx_word' id='word_1_234' title='bbox 1268 3363 1417 3452; x_wconf 88' lang='lat' dir='ltr'>descrip-</span> 
     </span>
     <span class='ocr_line' id='line_1_28' title="bbox 196 3483 1418 3573; baseline 0.001 -22"><span class='ocrx_word' id='word_1_235' title='bbox 196 3486 327 3566; x_wconf 88' lang='lat' dir='ltr'>tionem,</span> <span class='ocrx_word' id='word_1_236' title='bbox 350 3485 469 3552; x_wconf 90' lang='lat' dir='ltr'>sicum</span> <span class='ocrx_word' id='word_1_237' title='bbox 492 3487 543 3570; x_wconf 90' lang='lat' dir='ltr'>iis,</span> <span class='ocrx_word' id='word_1_238' title='bbox 565 3505 650 3573; x_wconf 90' lang='lat' dir='ltr'>qnae</span> <span class='ocrx_word' id='word_1_239' title='bbox 672 3486 850 3554; x_wconf 85' lang='lat' dir='ltr'>eliirerum</span> <span class='ocrx_word' id='word_1_240' title='bbox 869 3486 1046 3572; x_wconf 87' lang='lat' dir='ltr'>scriptores</span> <span class='ocrx_word' id='word_1_241' title='bbox 1068 3485 1109 3550; x_wconf 87' lang='lat' dir='ltr'>de</span> <span class='ocrx_word' id='word_1_242' title='bbox 1127 3483 1187 3550; x_wconf 88' lang='lat' dir='ltr'>heo</span> <span class='ocrx_word' id='word_1_243' title='bbox 1210 3485 1418 3569; x_wconf 83' lang='lat' dir='ltr'>expeditione</span> 
     </span>
     <span class='ocr_line' id='line_1_29' title="bbox 195 3600 1418 3690; baseline 0 -22"><span class='ocrx_word' id='word_1_244' title='bbox 195 3610 340 3683; x_wconf 89' lang='lat' dir='ltr'>narrant,</span> <span class='ocrx_word' id='word_1_245' title='bbox 363 3611 582 3690; x_wconf 86' lang='lat' dir='ltr'>comparatur,</span> <span class='ocrx_word' id='word_1_246' title='bbox 604 3605 724 3689; x_wconf 90' lang='lat' dir='ltr'>partim</span> <span class='ocrx_word' id='word_1_247' title='bbox 748 3623 820 3670; x_wconf 89' lang='lat' dir='ltr'>esse</span> <span class='ocrx_word' id='word_1_248' title='bbox 842 3623 952 3670; x_wconf 86' lang='lat' dir='ltr'>veram</span> <span class='ocrx_word' id='word_1_249' title='bbox 970 3603 1089 3690; x_wconf 90' lang='lat' dir='ltr'>partim</span> <span class='ocrx_word' id='word_1_250' title='bbox 1114 3620 1155 3666; x_wconf 83' lang='lat' dir='ltr'>ex</span> <span class='ocrx_word' id='word_1_251' title='bbox 1171 3600 1327 3669; x_wconf 90' lang='lat' dir='ltr'>adulandi</span> <span class='ocrx_word' id='word_1_252' title='bbox 1349 3607 1418 3668; x_wconf 92' lang='lat' dir='ltr'>stu·</span> 
     </span>
     <span class='ocr_line' id='line_1_30' title="bbox 196 3717 1417 3803; baseline -0.002 -16"><span class='ocrx_word' id='word_1_253' title='bbox 196 3720 250 3787; x_wconf 91' lang='lat' dir='ltr'>dio</span> <span class='ocrx_word' id='word_1_254' title='bbox 271 3721 443 3787; x_wconf 76' lang='lat' dir='ltr'>insalsum</span> <span class='ocrx_word' id='word_1_255' title='bbox 475 3723 640 3788; x_wconf 88' lang='lat' dir='ltr'>detortum</span> <span class='ocrx_word' id='word_1_256' title='bbox 663 3726 812 3803; x_wconf 86' lang='lat' dir='ltr'>auctam,</span> <span class='ocrx_word' id='word_1_257' title='bbox 843 3739 941 3788; x_wconf 89' lang='lat' dir='ltr'>nemo</span> <span class='ocrx_word' id='word_1_258' title='bbox 972 3740 1039 3786; x_wconf 93' lang='lat' dir='ltr'>non</span> <span class='ocrx_word' id='word_1_259' title='bbox 1067 3718 1240 3801; x_wconf 83' lang='lat' dir='ltr'>intelliget.</span> <span class='ocrx_word' id='word_1_260' title='bbox 1283 3717 1417 3786; x_wconf 87' lang='lat' dir='ltr'>Etenim</span> 
     </span>
     <span class='ocr_line' id='line_1_31' title="bbox 195 3838 1418 3926; baseline -0.001 -22"><span class='ocrx_word' id='word_1_261' title='bbox 195 3843 233 3905; x_wconf 92' lang='lat' dir='ltr'>ut</span> <span class='ocrx_word' id='word_1_262' title='bbox 253 3841 381 3905; x_wconf 89' lang='lat' dir='ltr'>taceam</span> <span class='ocrx_word' id='word_1_263' title='bbox 404 3839 445 3905; x_wconf 93' lang='lat' dir='ltr'>de</span> <span class='ocrx_word' id='word_1_264' title='bbox 469 3838 609 3904; x_wconf 92' lang='lat' dir='ltr'>militum</span> <span class='ocrx_word' id='word_1_265' title='bbox 631 3838 775 3919; x_wconf 89' lang='lat' dir='ltr'>laetitia,</span> <span class='ocrx_word' id='word_1_266' title='bbox 806 3858 903 3926; x_wconf 91' lang='lat' dir='ltr'>quam</span> <span class='ocrx_word' id='word_1_267' title='bbox 931 3860 997 3904; x_wconf 92' lang='lat' dir='ltr'>non</span> <span class='ocrx_word' id='word_1_268' title='bbox 1027 3856 1179 3919; x_wconf 81' lang='lat' dir='ltr'>magnam</span> <span class='ocrx_word' id='word_1_269' title='bbox 1204 3841 1260 3903; x_wconf 88' lang='lat' dir='ltr'>aut</span> <span class='ocrx_word' id='word_1_270' title='bbox 1280 3856 1418 3922; x_wconf 87' lang='lat' dir='ltr'>prorsus</span> 
     </span>
     <span class='ocr_line' id='line_1_32' title="bbox 196 3953 1417 4043; baseline -0.001 -22"><span class='ocrx_word' id='word_1_271' title='bbox 196 3976 261 4022; x_wconf 93' lang='lat' dir='ltr'>non</span> <span class='ocrx_word' id='word_1_272' title='bbox 283 3957 385 4023; x_wconf 92' lang='lat' dir='ltr'>fuisse</span> <span class='ocrx_word' id='word_1_273' title='bbox 406 3958 471 4023; x_wconf 90' lang='lat' dir='ltr'>iam</span> <span class='ocrx_word' id='word_1_274' title='bbox 495 3976 597 4043; x_wconf 89' lang='lat' dir='ltr'>supra</span> <span class='ocrx_word' id='word_1_275' title='bbox 610 3959 794 4043; x_wconf 85' lang='lat' dir='ltr'>expositum</span> <span class='ocrx_word' id='word_1_276' title='bbox 817 3965 877 4040; x_wconf 89' lang='lat' dir='ltr'>est,</span> <span class='ocrx_word' id='word_1_277' title='bbox 898 3976 963 4022; x_wconf 95' lang='lat' dir='ltr'>non</span> <span class='ocrx_word' id='word_1_278' title='bbox 986 3959 1097 4040; x_wconf 91' lang='lat' dir='ltr'>potest</span> <span class='ocrx_word' id='word_1_279' title='bbox 1109 3956 1232 4037; x_wconf 88' lang='lat' dir='ltr'>negari,</span> <span class='ocrx_word' id='word_1_280' title='bbox 1254 3953 1417 4020; x_wconf 85' lang='lat' dir='ltr'>Tiberium</span> 
     </span>
     <span class='ocr_line' id='line_1_33' title="bbox 197 4070 1418 4160; baseline -0.002 -22"><span class='ocrx_word' id='word_1_281' title='bbox 197 4094 232 4140; x_wconf 89' lang='lat' dir='ltr'>se</span> <span class='ocrx_word' id='word_1_282' title='bbox 253 4075 458 4160; x_wconf 78' lang='lat' dir='ltr'>praestitisse</span> <span class='ocrx_word' id='word_1_283' title='bbox 482 4075 646 4157; x_wconf 82' lang='lat' dir='ltr'>egregium</span> <span class='ocrx_word' id='word_1_284' title='bbox 670 4075 783 4140; x_wconf 88' lang='lat' dir='ltr'>ducem</span> <span class='ocrx_word' id='word_1_285' title='bbox 799 4076 1001 4159; x_wconf 89' lang='lat' dir='ltr'>eundemque</span> <span class='ocrx_word' id='word_1_286' title='bbox 1024 4081 1194 4139; x_wconf 89' lang='lat' dir='ltr'>strenuum</span> <span class='ocrx_word' id='word_1_287' title='bbox 1216 4070 1418 4138; x_wconf 87' lang='lat' dir='ltr'>bellatorem.</span> 
     </span>
     <span class='ocr_line' id='line_1_34' title="bbox 197 4189 1447 4277; baseline 0 -21"><span class='ocrx_word' id='word_1_288' title='bbox 197 4191 280 4257; x_wconf 90' lang='lat' dir='ltr'>Nam</span> <span class='ocrx_word' id='word_1_289' title='bbox 309 4212 344 4258; x_wconf 89' lang='lat' dir='ltr'>re</span> <span class='ocrx_word' id='word_1_290' title='bbox 374 4213 453 4257; x_wconf 87' lang='lat' dir='ltr'>vera</span> <span class='ocrx_word' id='word_1_291' title='bbox 475 4192 673 4277; x_wconf 89' lang='lat' dir='ltr'>permultum</span> <span class='ocrx_word' id='word_1_292' title='bbox 704 4193 739 4258; x_wconf 92' lang='lat' dir='ltr'>in</span> <span class='ocrx_word' id='word_1_293' title='bbox 761 4192 958 4258; x_wconf 87' lang='lat' dir='ltr'>Germaniae</span> <span class='ocrx_word' id='word_1_294' title='bbox 980 4190 1105 4256; x_wconf 90' lang='lat' dir='ltr'>viribus</span> <span class='ocrx_word' id='word_1_295' title='bbox 1127 4189 1318 4272; x_wconf 83' lang='lat' dir='ltr'>frangendis</span> <span class='ocrx_word' id='word_1_296' title='bbox 1340 4208 1419 4274; x_wconf 85' lang='lat' dir='ltr'>pro·</span> <span class='ocrx_word' id='word_1_297' title='bbox 1446 4215 1447 4222; x_wconf 49' lang='lat'>¹</span> 
     </span>
    </p>

    <p class='ocr_par' dir='ltr' id='par_1_5' title="bbox 196 4283 1510 4395">
     <span class='ocr_line' id='line_1_35' title="bbox 196 4283 1510 4395; baseline 0 -22"><span class='ocrx_word' id='word_1_298' title='bbox 196 4309 274 4374; x_wconf 89' lang='lat' dir='ltr'>fecit</span> <span class='ocrx_word' id='word_1_299' title='bbox 296 4326 335 4374; x_wconf 92' lang='lat' dir='ltr'>ac</span> <span class='ocrx_word' id='word_1_300' title='bbox 359 4309 429 4395; x_wconf 91' lang='lat' dir='ltr'>plus</span> <span class='ocrx_word' id='word_1_301' title='bbox 454 4330 549 4395; x_wconf 88' lang='lat' dir='ltr'>quam</span> <span class='ocrx_word' id='word_1_302' title='bbox 574 4317 670 4378; x_wconf 89' lang='lat' dir='ltr'>antea</span> <span class='ocrx_word' id='word_1_303' title='bbox 692 4312 757 4377; x_wconf 83' lang='lat' dir='ltr'>dux</span> <span class='ocrx_word' id='word_1_304' title='bbox 781 4313 814 4376; x_wconf 92' lang='lat' dir='ltr'>in</span> <span class='ocrx_word' id='word_1_305' title='bbox 839 4330 876 4375; x_wconf 92' lang='lat' dir='ltr'>eo</span> <span class='ocrx_word' id='word_1_306' title='bbox 891 4309 1084 4389; x_wconf 84' lang='lat' dir='ltr'>elaboravit,</span> <span class='ocrx_word' id='word_1_307' title='bbox 1107 4307 1325 4389; x_wconf 79' lang='lat' dir='ltr'>utredigeret</span> <span class='ocrx_word' id='word_1_308' title='bbox 1347 4327 1418 4373; x_wconf 87' lang='lat' dir='ltr'>eam</span> <span class='ocrx_word' id='word_1_309' title='bbox 1507 4283 1510 4290; x_wconf 37' lang='lat'>⁵</span> 
     </span>
    </p>
   </div>
   <div class='ocr_carea' id='block_1_5' title="bbox 0 0 1580 4764">
    <p class='ocr_par' dir='ltr' id='par_1_6' title="bbox 0 0 1580 4764">
     <span class='ocr_line' id='line_1_36' title="bbox 0 0 1580 4764; baseline 0 0"><span class='ocrx_word' id='word_1_310' title='bbox 0 0 1580 4764; x_wconf 95' lang='lat' dir='ltr'> </span> 
     </span>
    </p>
   </div>
  </div>
 </body>
</html>
